@Article{	  Abdellatif:2016,
  author	= {Abdellatif, Mahmoud and Leite, Sara and Alaa, Mohamed and
		  Oliveira-Pinto, Jos{\'{e}} and Tavares-Silva, Marta and
		  Fontoura, Dulce and Falc{\~{a}}o-Pires, In{\^{e}}s and
		  Leite-Moreira, Adelino F. and Louren{\c{c}}o, Andr{\'{e}} P.},
  doi		= {10.1152/ajpheart.00399.2015},
  journal	= {Am. J. Physiol. - Hear. Circ. Physiol.},
  number	= {1},
  pages		= {H4--H13},
  title		= {{Spectral transfer function analysis of respiratory
		  hemodynamic fluctuations predicts end-diastolic stiffness
		  in preserved ejection fraction heart failure}},
  volume	= {310},
  year		= {2016}
}

@Article{	  Abdellatif:2021,
  author	= {Abdellatif, Mahmoud and Trummer-Herbst, Viktoria and
		  Koser, Franziska and Durand, Sylv{\`{e}}re and Ad{\~{a}}o,
		  Rui and Vasques-N{\'{o}}voa, Francisco and Freundt, Johanna
		  K. and Voglhuber, Julia and Pricolo, Maria-Rosaria and
		  Kasa, Michael and T{\"{u}}rk, Clara and Aprahamian, Fanny
		  and Herrero-Gal{\'{a}}n, El{\'{i}}as and Hofer, Sebastian
		  J. and Pendl, Tobias and Rech, Lavinia and Kargl, Julia and
		  Anto-Michel, Nathaly and Ljubojevic-Holzer, Senka and
		  Schipke, Julia and Brandenberger, Christina and Auer,
		  Martina and Schreiber, Renate and Koyani, Chintan N. and
		  Heinemann, Akos and Zirlik, Andreas and Schmidt, Albrecht
		  and von Lewinski, Dirk and Scherr, Daniel and Rainer, Peter
		  P. and von Maltzahn, Julia and M{\"{u}}hlfeld, Christian
		  and Kr{\"{u}}ger, Marcus and Frank, Sa{\v{s}}a and Madeo,
		  Frank and Eisenberg, Tobias and Prokesch, Andreas and
		  Leite-Moreira, Adelino F. and Louren{\c{c}}o, Andr{\'{e}}
		  P. and Alegre-Cebollada, Jorge and Kiechl, Stefan and
		  Linke, Wolfgang A. and Kroemer, Guido and Sedej, Simon},
  doi		= {10.1126/scitranslmed.abd7064},
  journal	= {Sci. Transl. Med.},
  number	= {580},
  pages		= {eabd7064},
  title		= {{Nicotinamide for the treatment of heart failure with
		  preserved ejection fraction}},
  volume	= {13},
  year		= {2021}
}

@Article{	  Andrianakis:2015,
  author	= {Andrianakis, Ioannis and Vernon, Ian R. and McCreesh,
		  Nicky and McKinley, Trevelyan J. and Oakley, Jeremy E. and
		  Nsubuga, Rebecca N. and Goldstein, Michael and White,
		  Richard G.},
  doi		= {10.1371/journal.pcbi.1003968},
  editor	= {Wu, Hulin},
  journal	= {PLoS Comput. Biol.},
  month		= {jan},
  number	= {1},
  pages		= {e1003968},
  title		= {{Bayesian History Matching of Complex Infectious Disease
		  Models Using Emulation: A Tutorial and a Case Study on HIV
		  in Uganda}},
  url		= {http://dx.plos.org/10.1371/journal.pcbi.1003968},
  volume	= {11},
  year		= {2015}
}

@Article{	  Backx:1995,
  author	= {Backx, Peter H. and Gao, Wei Dong and Azan-Backx, Michelle
		  D. and Marban, Eduardo},
  doi		= {10.1085/jgp.105.1.1},
  journal	= {J. Gen. Physiol.},
  number	= {1},
  pages		= {1--19},
  title		= {{The relationship between contractile force and
		  intracellular [Ca2+] in intact rat cardiac trabeculae}},
  volume	= {105},
  year		= {1995}
}

@Article{	  Bakkehaug:2015,
  author	= {Bakkehaug, Jens Petter and Kildal, Anders Benjamin and
		  Engstad, Erik Torgersen and Boardman, Neoma and
		  N{\ae}sheim, Torvind and R{\o}nning, Leif and Aasum, Ellen
		  and Larsen, Terje Steinar and Myrmel, Truls and How, Ole
		  Jakob},
  doi		= {10.1161/CIRCHEARTFAILURE.114.002152},
  journal	= {Circ. Hear. Fail.},
  month		= {may},
  number	= {4},
  pages		= {766--775},
  title		= {{Myosin activator omecamtiv mecarbil increases myocardial
		  oxygen consumption and impairs cardiac efficiency mediated
		  by resting myosin ATPase activity}},
  volume	= {8},
  year		= {2015}
}

@Article{	  Benjamin:2018,
  author	= {Benjamin, Emelia J. and Virani, Salim S. and Callaway,
		  Clifton W. and Chamberlain, Alanna M. and Chang, Alexander
		  R. and Cheng, Susan and Chiuve, Stephanie E. and Cushman,
		  Mary and Delling, Francesca N. and Deo, Rajat and {De
		  Ferranti}, Sarah D. and Ferguson, Jane F. and Fornage,
		  Myriam and Gillespie, Cathleen and Isasi, Carmen R. and
		  Jim{\'{e}}nez, Monik C. and Jordan, Lori Chaffin and Judd,
		  Suzanne E. and Lackland, Daniel and Lichtman, Judith H. and
		  Lisabeth, Lynda and Liu, Simin and Longenecker, Chris T.
		  and Lutsey, Pamela L. and MacKey, Jason S. and Matchar,
		  David B. and Matsushita, Kunihiro and Mussolino, Michael E.
		  and Nasir, Khurram and O'Flaherty, Martin and Palaniappan,
		  Latha P. and Pandey, Ambarish and Pandey, Dilip K. and
		  Reeves, Mathew J. and Ritchey, Matthew D. and Rodriguez,
		  Carlos J. and Roth, Gregory A. and Rosamond, Wayne D. and
		  Sampson, Uchechukwu K.A. and Satou, Gary M. and Shah, Svati
		  H. and Spartano, Nicole L. and Tirschwell, David L. and
		  Tsao, Connie W. and Voeks, Jenifer H. and Willey, Joshua Z.
		  and Wilkins, John T. and Wu, Jason H.Y. and Alger, Heather
		  M. and Wong, Sally S. and Muntner, Paul},
  doi		= {10.1161/CIR.0000000000000558},
  journal	= {Circulation},
  month		= {mar},
  number	= {12},
  pages		= {E67--E492},
  title		= {{Heart disease and stroke statistics - 2018 update: A
		  report from the American Heart Association}},
  volume	= {137},
  year		= {2018}
}

@Article{	  Blanchard:1999,
  author	= {Blanchard, E and Seidman, C and Seidman, J G and LeWinter,
		  M and Maughan, D},
  doi		= {10.1161/01.res.84.4.475},
  journal	= {Circ. Res.},
  month		= {mar},
  number	= {4},
  pages		= {475--83},
  title		= {{Altered crossbridge kinetics in the alphaMHC403/+ mouse
		  model of familial hypertrophic cardiomyopathy}},
  volume	= {84},
  year		= {1999}
}

@Article{	  Bovendeerd:2009,
  author	= {Bovendeerd, Peter H.M. and Kroon, Wilco and Delhaas,
		  Tammo},
  doi		= {10.1152/ajpheart.01334.2008},
  journal	= {Am. J. Physiol. - Hear. Circ. Physiol.},
  number	= {3},
  pages		= {1058--1068},
  title		= {{Determinants of left ventricular shear strain}},
  volume	= {297},
  year		= {2009}
}

@Article{	  Bowen:2017,
  author	= {Bowen, T. Scott and Brauer, Dominic and Rolim, Natale P.L.
		  and B{\ae}kkerud, Fredrik H. and Kricke, Angela and
		  {Ormbostad Berre}, Anne Marie and Fischer, Tina and Linke,
		  Axel and da Silva, Gustavo Justo and Wisloff, Ulrik and
		  Adams, Volker},
  doi		= {10.1161/JAHA.117.006416},
  journal	= {J. Am. Heart Assoc.},
  number	= {10},
  pages		= {1--16},
  title		= {{Exercise training reveals inflexibility of the diaphragm
		  in an animal model of patients with obesity-driven heart
		  failure with a preserved ejection fraction}},
  volume	= {6},
  year		= {2017}
}

@Article{	  Bowen:2018,
  author	= {Bowen, T. Scott and Herz, Christian and Rolim, Natale P.L.
		  and Berre, Anne Marie Ormbostad and Halle, Martin and
		  Kricke, Angela and Linke, Axel and da Silva, Gustavo Justo
		  and Wisloff, Ulrik and Adams, Volker},
  doi		= {10.1016/j.cardfail.2018.08.009},
  journal	= {J. Card. Fail.},
  number	= {9},
  pages		= {603--613},
  title		= {{Effects of Endurance Training on Detrimental Structural,
		  Cellular, and Functional Alterations in Skeletal Muscles of
		  Heart Failure With Preserved Ejection Fraction}},
  url		= {https://doi.org/10.1016/j.cardfail.2018.08.009},
  volume	= {24},
  year		= {2018}
}

@Article{	  Brandt:2019,
  author	= {Brandt, Maarten M. and Nguyen, Isabel T.N. and Krebber,
		  Merle M. and van de Wouw, Jens and Mokry, Michal and
		  Cramer, Maarten J. and Duncker, Dirk J. and Verhaar,
		  Marianne C. and Joles, Jaap A. and Cheng, Caroline},
  doi		= {10.1111/jcmm.14542},
  isbn		= {1150020164},
  journal	= {J. Cell. Mol. Med.},
  number	= {10},
  pages		= {6666--6678},
  title		= {{Limited synergy of obesity and hypertension, prevalent
		  risk factors in onset and progression of heart failure with
		  preserved ejection fraction}},
  volume	= {23},
  year		= {2019}
}

@Article{	  Camacho:2016,
  author	= {Camacho, Paula and Fan, Huimin and Liu, Zhongmin and He,
		  Jia-Qiang},
  journal	= {Am. J. Cardiovasc. Dis.},
  number	= {3},
  pages		= {70--80},
  title		= {{Small mammalian animal models of heart disease.}},
  url		= {http://www.ncbi.nlm.nih.gov/pubmed/27679742
		  http://www.pubmedcentral.nih.gov/articlerender.fcgi?artid=PMC5030387},
  volume	= {6},
  year		= {2016}
}

@Article{	  Camacho:2016*a,
  author	= {Camacho, Paula and Fan, Huimin and Liu, Zhongmin and He,
		  Jia-Qiang},
  journal	= {Am. J. Cardiovasc. Dis.},
  number	= {3},
  pages		= {70--80},
  title		= {{Small mammalian animal models of heart disease.}},
  url		= {http://www.ncbi.nlm.nih.gov/pubmed/27679742
		  http://www.pubmedcentral.nih.gov/articlerender.fcgi?artid=PMC5030387},
  volume	= {6},
  year		= {2016}
}

@Article{	  Chang:2015,
  author	= {Chang, Ru Wen and Chang, Chun Yi and Wu, Ming Shiou and
		  Yu, Hsi Yu and Luo, Jian Ming and Chen, Yih Sharng and Lin,
		  Fang Yue and Lai, Liang Chuan and Wang, Chih Hsien and
		  Chang, Kuo Chu},
  doi		= {10.1038/srep17293},
  journal	= {Sci. Rep.},
  number	= {October},
  pages		= {1--10},
  title		= {{Systolic aortic pressure-time area is a useful index
		  describing arterial wave properties in rats with
		  diabetes}},
  volume	= {5},
  year		= {2015}
}

@Article{	  Chang:2015*a,
  author	= {Chang, Eugene T.Y. and Strong, Mark and Clayton, Richard
		  H.},
  doi		= {10.1371/journal.pone.0130252},
  journal	= {PLoS One},
  month		= {jun},
  number	= {6},
  title		= {{Bayesian sensitivity analysis of a cardiac cell model
		  using a Gaussian process emulator}},
  volume	= {10},
  year		= {2015}
}

@Article{	  Conceicao:2016,
  author	= {Concei{\c{c}}{\~{a}}o, G. and Heinonen, I. and
		  Louren{\c{c}}o, A. P. and Duncker, D. J. and
		  Falc{\~{a}}o-Pires, I.},
  doi		= {10.1007/s12471-016-0815-9},
  journal	= {Netherlands Hear. J.},
  month		= {apr},
  number	= {4},
  pages		= {275--286},
  title		= {{Animal models of heart failure with preserved ejection
		  fraction}},
  volume	= {24},
  year		= {2016}
}

@Article{	  Conceicao:2016*a,
  author	= {Concei{\c{c}}{\~{a}}o, G. and Heinonen, I. and
		  Louren{\c{c}}o, A. P. and Duncker, D. J. and
		  Falc{\~{a}}o-Pires, I.},
  doi		= {10.1007/s12471-016-0815-9},
  journal	= {Netherlands Hear. J.},
  month		= {apr},
  number	= {4},
  pages		= {275--286},
  title		= {{Animal models of heart failure with preserved ejection
		  fraction}},
  volume	= {24},
  year		= {2016}
}

@Article{	  Conti:2009,
  author	= {Conti, S. and Gosling, J. P. and Oakley, J. E. and
		  O'Hagan, A.},
  doi		= {10.1093/biomet/asp028},
  journal	= {Biometrika},
  number	= {3},
  pages		= {663--676},
  title		= {{Gaussian process emulation of dynamic computer codes}},
  volume	= {96},
  year		= {2009}
}

@Article{	  Coveney:2018,
  author	= {Coveney, Sam and Clayton, Richard H.},
  doi		= {10.1016/J.PBIOMOLBIO.2018.08.001},
  journal	= {Prog. Biophys. Mol. Biol.},
  month		= {nov},
  pages		= {43--58},
  title		= {{Fitting two human atrial cell models to experimental data
		  using Bayesian history matching}},
  url		= {https://www.sciencedirect.com/science/article/pii/S0079610718300154},
  volume	= {139},
  year		= {2018}
}

@Article{	  Cuijpers:2020,
  author	= {Cuijpers, Ilona and Carai, Paolo and Mendes-Ferreira,
		  Pedro and Simmonds, Steven J. and Mulder, Paul and
		  Miranda-Silva, Daniela and {De Giorgio}, Daria and
		  Pokreisz, Peter and Heymans, Stephane and Jones, Elizabeth
		  A.V.},
  doi		= {10.1038/s41598-020-72924-5},
  isbn		= {0123456789},
  journal	= {Sci. Rep.},
  number	= {1},
  pages		= {1--12},
  title		= {{The effect of different anaesthetics on echocardiographic
		  evaluation of diastolic dysfunction in a heart failure with
		  preserved ejection fraction model}},
  url		= {https://doi.org/10.1038/s41598-020-72924-5},
  volume	= {10},
  year		= {2020}
}

@Article{	  Davila:2019,
  author	= {Davila, Alec and Tian, Yanna and Czikora, Istvan and Li,
		  Jie and Su, Huabo and Huo, Yuqing and Patel, Vijay and
		  Robinson, Vincent and Kapuku, Gaston and Weintraub, Neal
		  and Bagi, Zsolt},
  doi		= {10.1161/CIRCHEARTFAILURE.118.005762},
  journal	= {Circ. Hear. Fail.},
  number	= {8},
  pages		= {1--12},
  title		= {{Adenosine kinase inhibition augments conducted
		  vasodilation and prevents left ventricle diastolic
		  dysfunction in heart failure with preserved ejection
		  fraction}},
  volume	= {12},
  year		= {2019}
}

@Article{	  Davis:2007,
  author	= {Davis, Jonathan P. and Norman, Catalina and Kobayashi,
		  Tomoyoshi and Solaro, R. John and Swartz, Darl R. and
		  Tikunova, Svetlana B.},
  doi		= {10.1529/biophysj.106.095406},
  journal	= {Biophys. J.},
  number	= {9},
  pages		= {3195--3206},
  title		= {{Effects of thin and thick filament proteins on calcium
		  binding and exchange with cardiac troponin C}},
  volume	= {92},
  year		= {2007}
}

@Article{	  Deel:2017,
  author	= {van Deel, Elza D. and Najafi, Aref and Fontoura, Dulce and
		  Valent, Erik and Goebel, Max and Kardux, Kim and
		  Falc{\~{a}}o-Pires, In{\^{e}}s and van der Velden, Jolanda},
  doi		= {10.1113/JP274460},
  journal	= {J. Physiol.},
  number	= {14},
  pages		= {4597--4610},
  title		= {{In vitro model to study the effects of matrix stiffening
		  on Ca2+ handling and myofilament function in isolated adult
		  rat cardiomyocytes}},
  volume	= {595},
  year		= {2017}
}

@Article{	  Dokos:2004,
  author	= {Dokos, Socrates and Lovell, Nigel H.},
  doi		= {10.1016/j.pbiomolbio.2004.02.002},
  journal	= {Prog. Biophys. Mol. Biol.},
  number	= {2-3},
  pages		= {407--431},
  title		= {{Parameter estimation in cardiac ionic models}},
  volume	= {85},
  year		= {2004}
}

@Article{	  Gao:1995,
  author	= {Gao, Wei Dong and Atar, Dan and Backx, Peter H. and
		  Marban, Eduardo},
  doi		= {10.1161/01.res.76.6.1036},
  journal	= {Circ. Res.},
  number	= {6},
  pages		= {1036--1048},
  title		= {{Relationship Between Intracellular Calcium and
		  Contractile Force in Stunned Myocardium}},
  volume	= {76},
  year		= {1995}
}

@Article{	  Gao:2009,
  author	= {Gao, Shan and Long, Chao Liang and Wang, Ru Huan and Wang,
		  Hai},
  doi		= {10.1093/cvr/cvp099},
  journal	= {Cardiovasc. Res.},
  month		= {aug},
  number	= {3},
  pages		= {444--456},
  title		= {{KATP activation prevents progression of cardiac
		  hypertrophy to failure induced by pressure overload via
		  protecting endothelial function}},
  volume	= {83},
  year		= {2009}
}

@Article{	  Gao:2017,
  author	= {Gao, Hao and Aderhold, Andrej and Mangion, Kenneth and
		  Luo, Xiaoyu and Husmeier, Dirk and Berry, Colin},
  doi		= {10.1098/rsif.2017.0203},
  journal	= {J. R. Soc. Interface},
  number	= {132},
  title		= {{Changes and classification in myocardial contractile
		  function in the left ventricle following acute myocardial
		  infarction}},
  volume	= {14},
  year		= {2017}
}

@Article{	  Gattoni:2016,
  author	= {Gattoni, Sara and R{\o}e, {\AA}smund Treu and Frisk,
		  Michael and Louch, William E. and Niederer, Steven A. and
		  Smith, Nicolas P.},
  doi		= {10.1113/JP272011},
  journal	= {J. Physiol.},
  month		= {aug},
  number	= {15},
  pages		= {4193--4224},
  title		= {{The calcium–frequency response in the rat ventricular
		  myocyte: an experimental and modelling study}},
  volume	= {594},
  year		= {2016}
}

@Article{	  Gattoni:2017,
  author	= {Gattoni, Sara and R{\o}e, {\AA}smund Treu and Aronsen, Jan
		  Magnus and Sjaastad, Ivar and Louch, William E. and Smith,
		  Nicolas P. and Niederer, Steven A.},
  doi		= {10.1113/JP273879},
  journal	= {J. Physiol.},
  month		= {jun},
  number	= {12},
  pages		= {3867--3889},
  title		= {{Compensatory and decompensatory alterations in
		  cardiomyocyte Ca 2+ dynamics in hearts with diastolic
		  dysfunction following aortic banding}},
  volume	= {595},
  year		= {2017}
}

@Article{	  Groenendaal:2015,
  author	= {Groenendaal, Willemijn and Ortega, Francis A. and
		  Kherlopian, Armen R. and Zygmunt, Andrew C. and
		  Krogh-Madsen, Trine and Christini, David J.},
  doi		= {10.1371/journal.pcbi.1004242},
  journal	= {PLoS Comput. Biol.},
  number	= {4},
  pages		= {1--22},
  title		= {{Cell-Specific Cardiac Electrophysiology Models}},
  volume	= {11},
  year		= {2015}
}

@Article{	  Hamdani:2013,
  author	= {Hamdani, Nazha and Franssen, Constantijn and
		  Louren{\c{c}}o, Andre and Falca o-Pires, In{\^{e}}s and
		  Fontoura, Dulce and Leite, Sara and Plettig, Luisa and
		  Lopez, Begona and Ottenheijm, Coen A. and Becher, Peter
		  Moritz and Gonzalez, Arantxa and Tscho pe, Carsten and
		  Diez, Javier and Linke, Wolfgang A. and Leite-Moreira,
		  Adelino F. and Paulus, Walter J.},
  doi		= {10.1161/CIRCHEARTFAILURE.113.000539},
  journal	= {Circ. Hear. Fail.},
  number	= {6},
  pages		= {1239--1249},
  title		= {{Myocardial titin hypophosphorylation importantly
		  contributes to heart failure with preserved ejection
		  fraction in a rat metabolic risk model}},
  volume	= {6},
  year		= {2013}
}

@Article{	  Herman:2017,
  author	= {Herman, Jon and Usher, Will},
  doi		= {10.21105/joss.00097},
  journal	= {J. Open Source Softw.},
  month		= {jan},
  number	= {9},
  pages		= {97},
  title		= {{SALib: An open-source Python library for Sensitivity
		  Analysis}},
  volume	= {2},
  year		= {2017}
}

@Article{	  Hersch:2013,
  author	= {Hersch, N. and Wolters, B. and Dreissen, G. and Springer,
		  R. and Kirchgessner, N. and Merkel, R. and Hoffmann, B.},
  doi		= {10.1242/bio.20133830},
  journal	= {Biol. Open},
  number	= {3},
  pages		= {351--361},
  title		= {{The constant beat: cardiomyocytes adapt their forces by
		  equal contraction upon environmental stiffening}},
  volume	= {2},
  year		= {2013}
}

@Article{	  Hohendanner:2018,
  author	= {Hohendanner, Felix and Bode, David and Primessnig, Uwe and
		  Guthof, Tim and Doerr, Rafael and Jeuthe, Sarah and
		  Reimers, Sophie and Zhang, Kun and Bach, Doris and Wakula,
		  Paulina and Pieske, Burkert M. and Heinzel, Frank R.},
  doi		= {10.1016/j.yjmcc.2017.12.012},
  journal	= {J. Mol. Cell. Cardiol.},
  number	= {November 2017},
  pages		= {10--19},
  title		= {{Cellular mechanisms of metabolic syndrome-related atrial
		  decompensation in a rat model of HFpEF}},
  url		= {https://doi.org/10.1016/j.yjmcc.2017.12.012},
  volume	= {115},
  year		= {2018}
}

@Article{	  Horvath:2017,
  author	= {Horv{\'{a}}th, Bal{\'{a}}zs and Szentandr{\'{a}}ssy,
		  Norbert and Veress, Roland and Alm{\'{a}}ssy, J{\'{a}}nos
		  and Magyar, J{\'{a}}nos and B{\'{a}}ny{\'{a}}sz,
		  Tam{\'{a}}s and T{\'{o}}th, Attila and Papp, Zolt{\'{a}}n
		  and N{\'{a}}n{\'{a}}si, P{\'{e}}ter P.},
  doi		= {10.1007/s00210-017-1422-z},
  journal	= {Naunyn. Schmiedebergs. Arch. Pharmacol.},
  month		= {dec},
  number	= {12},
  pages		= {1239--1246},
  title		= {{Frequency-dependent effects of omecamtiv mecarbil on cell
		  shortening of isolated canine ventricular cardiomyocytes}},
  volume	= {390},
  year		= {2017}
}

@Article{	  Houser:2012,
  author	= {Houser, Steven R. and Margulies, Kenneth B. and Murphy,
		  Anne M. and Spinale, Francis G. and Francis, Gary S. and
		  Prabhu, Sumanth D. and Rockman, Howard A. and Kass, David
		  A. and Molkentin, Jeffery D. and Sussman, Mark A. and Koch,
		  Walter J.},
  doi		= {10.1161/RES.0b013e3182582523},
  journal	= {Circ. Res.},
  month		= {jun},
  number	= {1},
  pages		= {131--150},
  title		= {{Animal Models of Heart Failure}},
  volume	= {111},
  year		= {2012}
}

@Article{	  Ioannou:2009,
  author	= {Ioannou, Christos V. and Morel, Denis R. and Katsamouris,
		  Asterios N. and Katranitsa, Sofia and Startchik, Irena and
		  Kalangos, Afksentios and Westerhof, Nico and Stergiopulos,
		  Nikos},
  doi		= {10.1159/000194272},
  journal	= {J. Vasc. Res.},
  month		= {aug},
  number	= {5},
  pages		= {417--425},
  title		= {{Left ventricular hypertrophy induced by reduced aortic
		  compliance}},
  volume	= {46},
  year		= {2009}
}

@Article{	  Kampourakis:2018,
  author	= {Kampourakis, Thomas and Zhang, Xuemeng and Sun, Yin Biao
		  and Irving, Malcolm},
  doi		= {10.1113/JP275050},
  journal	= {J. Physiol.},
  month		= {jan},
  number	= {1},
  pages		= {31--46},
  title		= {{Omecamtiv mercabil and blebbistatin modulate cardiac
		  contractility by perturbing the regulatory state of the
		  myosin filament}},
  volume	= {596},
  year		= {2018}
}

@Article{	  Kieu:2019,
  author	= {Kieu, Thinh T. and Awinda, Peter O. and Tanner, Bertrand
		  C.W.},
  doi		= {10.1016/j.bpj.2019.04.020},
  journal	= {Biophys. J.},
  month		= {jun},
  number	= {11},
  pages		= {2149--2160},
  title		= {{Omecamtiv Mecarbil Slows Myosin Kinetics in Skinned Rat
		  Myocardium at Physiological Temperature}},
  volume	= {116},
  year		= {2019}
}

@Article{	  Kovacs:2015,
  author	= {Kov{\'{a}}cs, Attila and Ol{\'{a}}h, Attila and Lux,
		  {\'{A}}rp{\'{a}}d and M{\'{a}}ty{\'{a}}s, Csaba and
		  N{\'{e}}meth, Tam{\'{a}}s and Kellermayer, Dalma and
		  Ruppert, Mih{\'{a}}ly and T{\"{o}}r{\"{o}}k, Marianna and
		  Szab{\'{o}}, Lilla and Meltzer, Anna and Assabiny,
		  Alexandra and Birtalan, Ede and Merkely, B{\'{e}}la and
		  Radovits, Tam{\'{a}}s},
  doi		= {10.1152/ajpheart.00828.2014.-Contractile},
  journal	= {J Physiol Hear. Circ Physiol},
  pages		= {743--748},
  title		= {{Strain and strain rate by speckle-tracking
		  echocardiography correlate with pressure-volume
		  loop-derived contractility indices in a rat model of
		  athlete's heart}},
  url		= {www.ajpheart.org},
  volume	= {308},
  year		= {2015}
}

@Article{	  Kreutziger:2011,
  author	= {Kreutziger, Kareen L. and Piroddi, Nicoletta and
		  McMichael, Jonathan T. and Tesi, Chiara and Poggesi,
		  Corrado and Regnier, Michael},
  doi		= {10.1016/j.yjmcc.2010.10.025},
  journal	= {J. Mol. Cell. Cardiol.},
  number	= {1},
  pages		= {165--174},
  title		= {{Calcium binding kinetics of troponin C strongly modulate
		  cooperative activation and tension kinetics in cardiac
		  muscle}},
  url		= {http://dx.doi.org/10.1016/j.yjmcc.2010.10.025},
  volume	= {50},
  year		= {2011}
}

@Article{	  Ku:2014,
  author	= {Ku, Hui Chun and Su, Ming Jai},
  doi		= {10.1371/journal.pone.0085634},
  journal	= {PLoS One},
  month		= {jan},
  number	= {1},
  title		= {{DPP4 deficiency preserved cardiac function in abdominal
		  aortic banding rats}},
  volume	= {9},
  year		= {2014}
}

@Article{	  Lai:2016,
  author	= {Lai, Yen Chun and Tabima, Diana M. and Dube, John J. and
		  Hughan, Kara S. and Vanderpool, Rebecca R. and Goncharov,
		  Dmitry A. and {St. Croix}, Claudette M. and
		  Garcia-Ocan{\~{a}}, Adolfo and Goncharova, Elena A. and
		  Tofovic, Stevan P. and Mora, Ana L. and Gladwin, Mark T.},
  doi		= {10.1161/CIRCULATIONAHA.115.018935},
  journal	= {Circulation},
  number	= {8},
  pages		= {717--731},
  title		= {{SIRT3-AMP-Activated Protein Kinase Activation by Nitrite
		  and Metformin Improves Hyperglycemia and Normalizes
		  Pulmonary Hypertension Associated with Heart Failure with
		  Preserved Ejection Fraction}},
  volume	= {133},
  year		= {2016}
}

@Article{	  Lamata:2011,
  author	= {Lamata, Pablo and Niederer, Steven and Nordsletten, David
		  and Barber, David C. and Roy, Ishani and Hose, D. Rod and
		  Smith, Nic},
  doi		= {10.1016/j.media.2011.06.010},
  journal	= {Med. Image Anal.},
  month		= {dec},
  number	= {6},
  pages		= {801--813},
  title		= {{An accurate, fast and robust method to generate
		  patient-specific cubic Hermite meshes}},
  volume	= {15},
  year		= {2011}
}

@Article{	  Lamata:2013,
  author	= {Lamata, Pablo and Roy, Ishani and Blazevic, Bojan and
		  Crozier, Andrew and Land, Sander and Niederer, Steven A.
		  and {Rod Hose}, D. and Smith, Nicolas P.},
  doi		= {10.1109/TMI.2012.2231094},
  journal	= {IEEE Trans. Med. Imaging},
  number	= {1},
  pages		= {130--138},
  title		= {{Quality metrics for high order meshes: Analysis of the
		  mechanical simulation of the heart beat}},
  volume	= {32},
  year		= {2013}
}

@Article{	  Lamata:2014,
  author	= {Lamata, Pablo and Sinclair, Matthew and Kerfoot, Eric and
		  Lee, Angela and Crozier, Andrew and Blazevic, Bojan and
		  Land, Sander and Lewandowski, Adam J. and Barber, David and
		  Niederer, Steve and Smith, Nic},
  doi		= {10.1098/rsif.2013.1023},
  journal	= {J. R. Soc. Interface},
  month		= {feb},
  number	= {91},
  title		= {{An automatic service for the personalization of
		  ventricular cardiac meshes}},
  volume	= {11},
  year		= {2014}
}

@Article{	  Land:2012,
  author	= {Land, Sander and Niederer, Steven A. and Aronsen, Jan
		  Magnus and Espe, Emil K.S. and Zhang, Lili and Louch,
		  William E. and Sjaastad, Ivar and Sejersted, Ole M. and
		  Smith, Nicolas P.},
  doi		= {10.1113/jphysiol.2012.231928},
  journal	= {J. Physiol.},
  month		= {sep},
  number	= {18},
  pages		= {4553--4569},
  title		= {{An analysis of deformation-dependent electromechanical
		  coupling in the mouse heart}},
  volume	= {590},
  year		= {2012}
}

@Article{	  Land:2012*a,
  author	= {Land, Sander and Niederer, Steven A. and Smith, Nicolas
		  P.},
  doi		= {10.1109/TBME.2011.2112359},
  journal	= {IEEE Trans. Biomed. Eng.},
  month		= {may},
  number	= {5},
  pages		= {1219--1228},
  title		= {{Efficient computational methods for strongly coupled
		  cardiac electromechanics}},
  volume	= {59},
  year		= {2012}
}

@Article{	  Land:2012*b,
  author	= {Land, Sander and Niederer, Steven A. and Aronsen, Jan
		  Magnus and Espe, Emil K.S. and Zhang, Lili and Louch,
		  William E. and Sjaastad, Ivar and Sejersted, Ole M. and
		  Smith, Nicolas P.},
  doi		= {10.1113/jphysiol.2012.231928},
  journal	= {J. Physiol.},
  month		= {sep},
  number	= {18},
  pages		= {4553--4569},
  title		= {{An analysis of deformation-dependent electromechanical
		  coupling in the mouse heart}},
  volume	= {590},
  year		= {2012}
}

@Article{	  Land:2015,
  author	= {Land, Sander and Gurev, Viatcheslav and Arens, Sander and
		  Augustin, Christoph M. and Baron, Lukas and Blake, Robert
		  and Bradley, Chris and Castro, Sebastian and Crozier,
		  Andrew and Favino, Marco and Fastl, Thomas E. and Fritz,
		  Thomas and Gao, Hao and Gizzi, Alessio and Griffith, Boyce
		  E. and Hurtado, Daniel E. and Krause, Rolf and Luo, Xiaoyu
		  and Nash, Martyn P. and Pezzuto, Simone and Plank, Gernot
		  and Rossi, Simone and Ruprecht, Daniel and Seemann, Gunnar
		  and Smith, Nicolas P. and Sundnes, Joakim and {Jeremy
		  Rice}, J. and Trayanova, Natalia and Wang, Dafang and Wang,
		  Zhinuo Jenny and Niederer, Steven A.},
  doi		= {10.1098/rspa.2015.0641},
  journal	= {Proc. R. Soc. A Math. Phys. Eng. Sci.},
  number	= {2184},
  title		= {{Verification of cardiac mechanics software: Benchmark
		  problems and solutions for testing active and
		  passivematerial behaviour}},
  volume	= {471},
  year		= {2015}
}

@Article{	  Land:2015*a,
  author	= {Land, Sander and Niederer, Steven A.},
  doi		= {10.1371/journal.pcbi.1004376},
  journal	= {PLoS Comput. Biol.},
  month		= {aug},
  number	= {8},
  title		= {{A Spatially Detailed Model of Isometric Contraction Based
		  on Competitive Binding of Troponin I Explains Cooperative
		  Interactions between Tropomyosin and Crossbridges}},
  volume	= {11},
  year		= {2015}
}

@Article{	  Land:2015*b,
  author	= {Land, Sander and Niederer, Steven A and Lamata, Pablo and
		  Smith, Nicolas P},
  doi		= {10.1109/TBME.2014.2373399.Improving},
  journal	= {IEEE Trans. Biomed. Eng.},
  number	= {3},
  pages		= {939--947},
  title		= {{Improving the stability of cardiac mechanical
		  simulations}},
  volume	= {62},
  year		= {2015}
}

@Article{	  Lee:2017,
  author	= {Lee, Kyuho and Hwang, Hye Jeong and Kim, Ok Soo and Oh,
		  Young Jun},
  doi		= {10.1007/s00540-016-2278-y},
  journal	= {J. Anesth.},
  month		= {feb},
  number	= {1},
  pages		= {18--24},
  title		= {{Assessment of dexmedetomidine effects on left ventricular
		  function using pressure–volume loops in rats}},
  volume	= {31},
  year		= {2017}
}

@Article{	  Lee:2017*a,
  author	= {Lee, Kyuho and Hwang, Hye Jeong and Kim, Ok Soo and Oh,
		  Young Jun},
  doi		= {10.1007/s00540-016-2278-y},
  journal	= {J. Anesth.},
  month		= {feb},
  number	= {1},
  pages		= {18--24},
  title		= {{Assessment of dexmedetomidine effects on left ventricular
		  function using pressure–volume loops in rats}},
  volume	= {31},
  year		= {2017}
}

@Article{	  Leite:2015,
  author	= {Leite, Sara and Oliveira-Pinto, Jos{\'{e}} and
		  Tavares-Silva, Marta and Abdellatif, Mahmoud and Fontoura,
		  Dulce and Falc{\~{a}}o-Pires, In{\^{e}}s and Leite-Moreira,
		  Adelino F. and Louren{\c{c}}o, Andr{\'{e}} P.},
  doi		= {10.1152/ajpheart.00076.2015},
  journal	= {Am. J. Physiol. - Hear. Circ. Physiol.},
  number	= {12},
  pages		= {H1556--H1563},
  title		= {{Echocardiography and invasive hemodynamics during stress
		  testing for diagnosis of heart failure with preserved
		  ejection fraction: An experimental study}},
  volume	= {308},
  year		= {2015}
}

@Article{	  Leite:2015*a,
  author	= {Leite, Sara and Rodrigues, Sara and Tavares-Silva, Marta
		  and Oliveira-Pinto, Jos{\'{e}} and Alaa, Mohamed and
		  Abdellatif, Mahmoud and Fontoura, Dulce and
		  Falc{\~{a}}o-Pires, In{\^{e}}s and Gillebert, Thierry C.
		  and Leite-Moreira, Adelino F. and Louren{\c{c}}o,
		  Andr{\'{e}} P.},
  doi		= {10.1152/ajpheart.00397.2015},
  journal	= {Am. J. Physiol. - Hear. Circ. Physiol.},
  number	= {10},
  pages		= {H1648--H1654},
  title		= {{Afterload-induced diastolic dysfunction contributes to
		  high filling pressures in experimental heart failure with
		  preserved ejection fraction}},
  volume	= {309},
  year		= {2015}
}

@Article{	  Leite:2019,
  author	= {Leite, Sara and Cerqueira, Rui J. and Ibarrola, Jaime and
		  Fontoura, Dulce and Fern{\'{a}}ndez-Celis, Amaya and
		  Zannad, Faiez and Falc{\~{a}}o-Pires, In{\^{e}}s and
		  Paulus, Walter J. and Leite-Moreira, Adelino F. and
		  Rossignol, Patrick and L{\'{o}}pez-Andr{\'{e}}s, Natalia
		  and Louren{\c{c}}o, Andr{\'{e}} P.},
  doi		= {10.1161/CIRCHEARTFAILURE.118.005596},
  journal	= {Circ. Hear. Fail.},
  number	= {7},
  pages		= {1--12},
  title		= {{Arterial Remodeling and Dysfunction in the ZSF1 Rat Model
		  of Heart Failure With Preserved Ejection Fraction}},
  volume	= {12},
  year		= {2019}
}

@Article{	  Levy:1988,
  author	= {Levy, B. I. and Michel, J. B. and Salzmann, J. L. and
		  Azizi, M. and Poitevin, P. and Safar, M. and Camilleri, J.
		  P.},
  doi		= {10.1161/01.RES.63.1.227},
  journal	= {Circ. Res.},
  number	= {1},
  pages		= {227--239},
  title		= {{Effects of chronic inhibition of converting enzyme on
		  mechanical and structural properties of arteries in rat
		  renovascular hypertension}},
  volume	= {63},
  year		= {1988}
}

@Article{	  Lewalle:2018,
  author	= {Lewalle, Alexandre and Land, Sander and Carruth, Eric and
		  Frank, Lawrence R. and Lamata, Pablo and Omens, Jeffrey H.
		  and McCulloch, Andrew D. and Niederer, Steven A. and Smith,
		  Nicolas P.},
  doi		= {10.3389/fphys.2018.00037},
  journal	= {Front. Physiol.},
  month		= {feb},
  number	= {FEB},
  title		= {{Decreasing compensatory ability of concentric ventricular
		  hypertrophy in aortic-banded rat hearts}},
  volume	= {9},
  year		= {2018}
}

@Article{	  Lin:2004,
  author	= {Lin, Yi-Tsen and Tseng, Yung-Zu and Chang, Kuo-Chu},
  doi		= {10.1177/153537020422901008},
  journal	= {Exp. Biol. Med.},
  month		= {nov},
  number	= {10},
  pages		= {1038--1045},
  title		= {{Aminoguanidine Prevents Fructose-Induced Arterial
		  Stiffening in Wistar Rats: Aortic Impedance Analysis}},
  volume	= {229},
  year		= {2004}
}

@Article{	  Liu:2014,
  author	= {Liu, Jiaming and Han, Pengfei and Xiao, Ying and Liu,
		  Jiani and {James Kang}, Y and Jm, Liu and Jn, Liu},
  doi		= {10.1152/ajpheart.00990.2013.-A},
  journal	= {Am J Physiol Hear. Circ Physiol},
  pages		= {987--995},
  title		= {{A novel knot method for individually measurable aortic
		  constriction in rats}},
  url		= {www.ajpheart.org},
  volume	= {307},
  year		= {2014}
}

@Article{	  Malik:2011,
  author	= {Malik, F. I. and Hartman, J. J. and Elias, K. A. and
		  Morgan, B. P. and Rodriguez, H. and Brejc, K. and Anderson,
		  R. L. and Sueoka, S. H. and Lee, K. H. and Finer, J. T. and
		  Sakowicz, R. and Baliga, R. and Cox, D. R. and Garard, M.
		  and Godinez, G. and Kawas, R. and Kraynack, E. and Lenzi,
		  D. and Lu, P. P. and Muci, A. and Niu, C. and Qian, X. and
		  Pierce, D. W. and Pokrovskii, M. and Suehiro, I. and
		  Sylvester, S. and Tochimoto, T. and Valdez, C. and Wang, W.
		  and Katori, T. and Kass, D. A. and Shen, Y.-T. and Vatner,
		  S. F. and Morgans, D. J.},
  doi		= {10.1126/science.1200113},
  journal	= {Science (80-. ).},
  month		= {mar},
  number	= {6023},
  title		= {{Cardiac Myosin Activation: A Potential Therapeutic
		  Approach for Systolic Heart Failure}},
  volume	= {331},
  year		= {2011}
}

@Article{	  McCain:2014,
  author	= {McCain, Megan L. and Yuan, Hongyan and Pasqualini,
		  Francesco S. and Campbell, Patrick H. and Parker, Kevin
		  Kit},
  doi		= {10.1152/ajpheart.00799.2013},
  journal	= {Am. J. Physiol. - Hear. Circ. Physiol.},
  number	= {11},
  pages		= {1525--1539},
  title		= {{Matrix elasticity regulates the optimal cardiac myocyte
		  shape for contractility}},
  volume	= {306},
  year		= {2014}
}

@Article{	  Miranda-Silva:2020,
  author	= {Miranda-Silva, Daniela and W{\"{u}}st, Rob C.I. and
		  Concei{\c{c}}{\~{a}}o, Gl{\'{o}}ria and
		  Gon{\c{c}}alves-Rodrigues, Patr{\'{i}}cia and
		  Gon{\c{c}}alves, N{\'{a}}dia and Gon{\c{c}}alves, Alexandre
		  and Kuster, Diederik W.D. and Leite-Moreira, Adelino F. and
		  van der Velden, Jolanda and {de Sousa Beleza}, Jorge M. and
		  Magalh{\~{a}}es, Jos{\'{e}} and Stienen, Ger J.M. and
		  Falc{\~{a}}o-Pires, In{\^{e}}s},
  doi		= {10.1111/apha.13378},
  journal	= {Acta Physiol.},
  number	= {3},
  pages		= {1--17},
  title		= {{Disturbed cardiac mitochondrial and cytosolic calcium
		  handling in a metabolic risk-related rat model of heart
		  failure with preserved ejection fraction}},
  volume	= {228},
  year		= {2020}
}

@Article{	  Nagy:2015,
  author	= {Nagy, L. and Kov{\'{a}}cs and B{\~{o}}di, B. and
		  P{\'{a}}sztor, E. T. and F{\"{u}}l{\"{o}}p, G. and
		  T{\~{o}}th, A. and {\'{E}}des, I. and Papp, Z.},
  doi		= {10.1111/bph.13235},
  journal	= {Br. J. Pharmacol.},
  month		= {sep},
  number	= {18},
  pages		= {4506--4518},
  title		= {{The novel cardiac myosin activator omecamtiv mecarbil
		  increases the calcium sensitivity of force production in
		  isolated cardiomyocytes and skeletal muscle fibres of the
		  rat}},
  volume	= {172},
  year		= {2015}
}

@Article{	  Nemeth:2016,
  author	= {N{\'{e}}meth, Bal{\'{a}}zs Tam{\'{a}}s and
		  M{\'{a}}ty{\'{a}}s, Csaba and Ol{\'{a}}h, Attila and Lux,
		  {\'{A}}rp{\'{a}}d and Hidi, L{\'{a}}szl{\'{o}} and Ruppert,
		  Mih{\'{a}}ly and Kellermayer, Dalma and K{\"{o}}k{\'{e}}ny,
		  G{\'{a}}bor and Szab{\'{o}}, G{\'{a}}bor and Merkely,
		  B{\'{e}}la and Radovits, Tam{\'{a}}s},
  doi		= {10.1038/srep37166},
  journal	= {Sci. Rep.},
  month		= {nov},
  title		= {{Cinaciguat prevents the development of pathologic
		  hypertrophy in a rat model of left ventricular pressure
		  overload}},
  volume	= {6},
  year		= {2016}
}

@Article{	  Nemeth:2016*a,
  author	= {N{\'{e}}meth, Bal{\'{a}}zs Tam{\'{a}}s and
		  M{\'{a}}ty{\'{a}}s, Csaba and Ol{\'{a}}h, Attila and Lux,
		  {\'{A}}rp{\'{a}}d and Hidi, L{\'{a}}szl{\'{o}} and Ruppert,
		  Mih{\'{a}}ly and Kellermayer, Dalma and K{\"{o}}k{\'{e}}ny,
		  G{\'{a}}bor and Szab{\'{o}}, G{\'{a}}bor and Merkely,
		  B{\'{e}}la and Radovits, Tam{\'{a}}s},
  doi		= {10.1038/srep37166},
  journal	= {Sci. Rep.},
  month		= {nov},
  title		= {{Cinaciguat prevents the development of pathologic
		  hypertrophy in a rat model of left ventricular pressure
		  overload}},
  volume	= {6},
  year		= {2016}
}

@Article{	  Nguyen:2020,
  author	= {Nguyen, Isabel T.N. and Brandt, Maarten M. and van de
		  Wouw, Jens and van Drie, Ruben W.A. and Wesseling, Marian
		  and Cramer, Maarten J. and de Jager, Saskia C.A. and
		  Merkus, Daphne and Duncker, Dirk J. and Cheng, Caroline and
		  Joles, Jaap A. and Verhaar, Marianne C.},
  doi		= {10.1371/journal.pone.0232399},
  isbn		= {1111111111},
  journal	= {PLoS One},
  number	= {5},
  pages		= {1--16},
  title		= {{Both male and female obese ZSF1 rats develop cardiac
		  dysfunction in obesity-induced heart failure with preserved
		  ejection fraction}},
  url		= {http://dx.doi.org/10.1371/journal.pone.0232399},
  volume	= {15},
  year		= {2020}
}

@Article{	  Niederer:2006,
  author	= {Niederer, S. A. and Hunter, P. J. and Smith, N. P.},
  doi		= {10.1529/biophysj.105.069534},
  journal	= {Biophys. J.},
  number	= {5},
  pages		= {1697--1722},
  title		= {{A quantitative analysis of cardiac myocyte relaxation: A
		  simulation study}},
  volume	= {90},
  year		= {2006}
}

@Article{	  Niederer:2009,
  author	= {Niederer, Steven A. and Smith, Nicolas P.},
  doi		= {10.1371/journal.pcbi.1000371},
  editor	= {Nash, Martyn},
  journal	= {PLoS Comput. Biol.},
  month		= {apr},
  number	= {4},
  pages		= {e1000371},
  title		= {{The Role of the Frank–Starling Law in the Transduction
		  of Cellular Work to Whole Organ Pump Function: A
		  Computational Modeling Analysis}},
  url		= {https://dx.plos.org/10.1371/journal.pcbi.1000371},
  volume	= {5},
  year		= {2009}
}


@Article{	  Nordbo:2014,
  author	= {Nordb{\o}, {\O}yvind and Lamata, Pablo and Land, Sander
		  and Niederer, Steven and Aronsen, Jan M. and Louch, William
		  E. and Sjaastad, Ivar and Martens, Harald and Gjuvsland,
		  Arne B. and T{\o}ndel, Kristin and Torp, Hans and Lohezic,
		  Maelene and Schneider, Jurgen E. and Remme, Espen W. and
		  Smith, Nicolas and Omholt, Stig W. and Vik, Jon Olav},
  doi		= {10.1016/j.compbiomed.2014.07.013},
  journal	= {Comput. Biol. Med.},
  month		= {oct},
  pages		= {65--75},
  title		= {{A computational pipeline for quantification of mouse
		  myocardial stiffness parameters}},
  volume	= {53},
  year		= {2014}
}

@Article{	  Oakley:2004,
  author	= {Oakley, Jeremy E. and O'Hagan, Anthony},
  doi		= {10.1111/j.1467-9868.2004.05304.x},
  journal	= {J. R. Stat. Soc. Ser. B (Statistical Methodol.},
  month		= {aug},
  number	= {3},
  pages		= {751--769},
  title		= {{Probabilistic sensitivity analysis of complex models: a
		  Bayesian approach}},
  volume	= {66},
  year		= {2004}
}

@Article{	  Oakley:2004*a,
  author	= {Oakley, Jeremy E. and O'Hagan, Anthony},
  doi		= {10.1111/j.1467-9868.2004.05304.x},
  journal	= {J. R. Stat. Soc. Ser. B Stat. Methodol.},
  number	= {3},
  pages		= {751--769},
  title		= {{Probabilistic sensitivity analysis of complex models: A
		  Bayesian approach}},
  volume	= {66},
  year		= {2004}
}

@Article{	  Olah:2015,
  author	= {Ol{\'{a}}h, Attila and N{\'{e}}meth, Bal{\'{a}}zs
		  Tam{\'{a}}s and M{\'{a}}ty{\'{a}}s, Csaba and
		  Horv{\'{a}}th, Eszter M{\'{a}}ria and Hidi,
		  L{\'{a}}szl{\'{o}} and Birtalan, Ede and Kellermayer, Dalma
		  and Ruppert, Mih{\'{a}}ly and Merkely, Gergo and
		  Szab{\'{o}}, G{\'{a}}bor and Merkely, B{\'{e}}la and
		  Radovits, Tam{\'{a}}s},
  doi		= {10.1016/j.ijcard.2014.12.045},
  journal	= {Int. J. Cardiol.},
  number	= {C},
  pages		= {258--266},
  title		= {{Cardiac effects of acute exhaustive exercise in a rat
		  model}},
  volume	= {182},
  year		= {2015}
}

@Article{	  Olah:2015*a,
  author	= {Ol{\'{a}}h, Attila and N{\'{e}}meth, Bal{\'{a}}zs
		  Tam{\'{a}}s and M{\'{a}}ty{\'{a}}s, Csaba and
		  Horv{\'{a}}th, Eszter M{\'{a}}ria and Hidi,
		  L{\'{a}}szl{\'{o}} and Birtalan, Ede and Kellermayer, Dalma
		  and Ruppert, Mih{\'{a}}ly and Merkely, Gergo and
		  Szab{\'{o}}, G{\'{a}}bor and Merkely, B{\'{e}}la and
		  Radovits, Tam{\'{a}}s},
  doi		= {10.1016/j.ijcard.2014.12.045},
  journal	= {Int. J. Cardiol.},
  number	= {C},
  pages		= {258--266},
  title		= {{Cardiac effects of acute exhaustive exercise in a rat
		  model}},
  volume	= {182},
  year		= {2015}
}

@Article{	  Omens:1993,
  author	= {Omens, Jeffrey H. and MacKenna, Deidre A. and McCulloch,
		  Andrew D.},
  doi		= {10.1016/0021-9290(93)90030-I},
  journal	= {J. Biomech.},
  month		= {jun},
  number	= {6},
  pages		= {665--676},
  title		= {{Measurement of strain and analysis of stress in resting
		  rat left ventricular myocardium}},
  url		= {https://www.sciencedirect.com/science/article/pii/002192909390030I?via{\%}3Dihub},
  volume	= {26},
  year		= {1993}
}

@Article{	  Owan:2006,
  author	= {Owan, Theophilus E. and Hodge, David O. and Herges, Regina
		  M. and Jacobsen, Steven J. and Roger, Veronique L. and
		  Redfield, Margaret M.},
  doi		= {10.1056/NEJMoa052256},
  journal	= {N. Engl. J. Med.},
  month		= {jul},
  number	= {3},
  pages		= {251--259},
  title		= {{Trends in Prevalence and Outcome of Heart Failure with
		  Preserved Ejection Fraction}},
  volume	= {355},
  year		= {2006}
}

@Article{	  Palmer:2004,
  author	= {Palmer, Bradley M and Fishbaugher, David E and Schmitt,
		  Joachim P and Wang, Yuan and Alpert, Norman R and Seidman,
		  Christine E and Seidman, J G and Vanburen, Peter and
		  Maughan, David W},
  doi		= {10.1152/ajpheart.01015.2003.-The},
  journal	= {Am J Physiol Hear. Circ Physiol},
  pages		= {91--99},
  title		= {{Differential cross-bridge kinetics of FHC myosin
		  mutations R403Q and R453C in heterozygous mouse
		  myocardium}},
  url		= {www.ajpheart.org},
  volume	= {287},
  year		= {2004}
}

@Article{	  Park:2020,
  author	= {Park, Sin Hee and Farooq, Muhammad Akmal and Gaertner,
		  S{\'{e}}bastien and Bruckert, Christophe and Qureshi, Abdul
		  Wahid and Lee, Hyun Ho and Benrahla, Djamel and Pollet,
		  Brigitte and Stephan, Dominique and Ohlmann, Patrick and
		  Lessinger, Jean Marc and Mayoux, Eric and Auger, Cyril and
		  Morel, Olivier and Schini-Kerth, Val{\'{e}}rie B.},
  doi		= {10.1186/s12933-020-00997-7},
  journal	= {Cardiovasc. Diabetol.},
  number	= {1},
  pages		= {1--14},
  title		= {{Empagliflozin improved systolic blood pressure,
		  endothelial dysfunction and heart remodeling in the
		  metabolic syndrome ZSF1 rat}},
  url		= {https://doi.org/10.1186/s12933-020-00997-7},
  volume	= {19},
  year		= {2020}
}

@Article{	  Parker:2019,
  author	= {Parker, Kai and Ruggiero, Peter and Serafin, Katherine A.
		  and Hill, David F.},
  doi		= {10.1016/j.coastaleng.2019.03.004},
  journal	= {Coast. Eng.},
  number	= {March},
  pages		= {79--93},
  title		= {{Emulation as an approach for rapid estuarine modeling}},
  volume	= {150},
  year		= {2019}
}

@Article{	  Pathmanathan:2019,
  author	= {Pathmanathan, Pras and Cordeiro, Jonathan M. and Gray,
		  Richard A.},
  doi		= {10.3389/fphys.2019.00721},
  journal	= {Front. Physiol.},
  number	= {JUN},
  pages		= {1--20},
  title		= {{Comprehensive uncertainty quantification and sensitivity
		  analysis for cardiac action potential models}},
  volume	= {10},
  year		= {2019}
}

@Article{	  Patten:2009,
  author	= {Patten, Richard D. and Hall-Porter, Monica R.},
  doi		= {10.1161/CIRCHEARTFAILURE.108.839761},
  journal	= {Circ. Hear. Fail.},
  month		= {mar},
  number	= {2},
  pages		= {138--144},
  title		= {{Small Animal Models of Heart Failure}},
  volume	= {2},
  year		= {2009}
}

@Article{	  Patten:2009*a,
  author	= {Patten, Richard D. and Hall-Porter, Monica R.},
  doi		= {10.1161/CIRCHEARTFAILURE.108.839761},
  journal	= {Circ. Hear. Fail.},
  number	= {2},
  pages		= {138--144},
  title		= {{Small animal models of heart failure development of novel
		  therapies, past and present}},
  volume	= {2},
  year		= {2009}
}

@Article{	  Pukelsheim:1994,
  author	= {Pukelsheim, Friedrich},
  journal	= {Am. Stat.},
  number	= {2},
  pages		= {88--91},
  title		= {{The Three Sigma Rule}},
  url		= {http://www.jstor.org/stable/2684253},
  volume	= {48},
  year		= {1994}
}

@Article{	  Rice:2008,
  author	= {Rice, John Jeremy and Wang, Fei and Bers, Donald M. and
		  {De Tombe}, Pieter P.},
  doi		= {10.1529/biophysj.107.119487},
  journal	= {Biophys. J.},
  month		= {sep},
  number	= {5},
  pages		= {2368--2390},
  title		= {{Approximate model of cooperative activation and
		  crossbridge cycling in cardiac muscle using ordinary
		  differential equations}},
  volume	= {95},
  year		= {2008}
}

@Article{	  Roe:2017,
  author	= {R{\o}e, {\AA}smund T. and Aronsen, Jan Magnus and
		  Sk{\aa}rdal, Kristine and Hamdani, Nazha and Linke,
		  Wolfgang A. and Danielsen, H{\aa}vard E. and Sejersted, Ole
		  M. and Sjaastad, Ivar and Louch, William E.},
  doi		= {10.1093/cvr/cvx087},
  journal	= {Cardiovasc. Res.},
  month		= {aug},
  number	= {10},
  pages		= {1161--1172},
  title		= {{Increased passive stiffness promotes diastolic
		  dysfunction despite improved Ca2+ handling during left
		  ventricular concentric hypertrophy}},
  volume	= {113},
  year		= {2017}
}

@Article{	  Rosenfeld:1985,
  author	= {Rosenfeld, S S and Taylor, E W},
  journal	= {J. Biol. Chem.},
  month		= {jan},
  number	= {1},
  pages		= {252--61},
  title		= {{Kinetic studies of calcium binding to regulatory
		  complexes from skeletal muscle}},
  volume	= {260},
  year		= {1985}
}

@Article{	  Ruppert:2016,
  author	= {Ruppert, Mih{\'{a}}ly and Korkmaz-Ic{\"{o}}z, Sevil and
		  Li, Shiliang and N{\'{e}}meth, Bal{\'{a}}zs Tam{\'{a}}s and
		  {Hegedu ˝s}, P{\'{e}}ter and Brlecic, Paige and
		  M{\'{a}}ty{\'{a}}s, Csaba and Zorn, Markus and Merkely,
		  B{\'{e}}la and Karck, Matthias and Radovits, Tam{\'{a}}s
		  and Szab{\'{o}}, G{\'{a}}bor},
  doi		= {10.1152/ajpheart.00085.2016.-Pressure},
  journal	= {Am J Physiol Hear. Circ Physiol},
  pages		= {592--603},
  title		= {{Myocardial reverse remodeling after pressure unloading is
		  associated with maintained cardiac mechanoenergetics in a
		  rat model of left ventricular hypertrophy}},
  url		= {www.ajpheart.org},
  volume	= {311},
  year		= {2016}
}

@Article{	  Ruppert:2018,
  author	= {Ruppert, Mih{\'{a}}ly and Korkmaz-Ic{\"{o}}z, Sevil and
		  Loganathan, Sivakkanan and Jiang, Weipeng and Lehmann,
		  Lorenz and Ol{\'{a}}h, Attila and {Ali Sayour}, Alex and
		  {Andr{\'{a}}s Barta}, B{\'{a}}lint and Merkely, B{\'{e}}la
		  and Karck, Matthias and Radovits, Tam{\'{a}}s and
		  Szab{\'{o}}, G{\'{a}}bor},
  doi		= {10.1152/ajpheart.00202.2018.-Sex},
  journal	= {Am J Physiol Hear. Circ Physiol},
  pages		= {502--511},
  title		= {{Pressure-volume analysis reveals characteristic
		  sex-related differences in cardiac function in a rat model
		  of aortic banding-induced myocardial hypertrophy}},
  url		= {www.ajpheart.org},
  volume	= {315},
  year		= {2018}
}

@Article{	  Salah:2018,
  author	= {Salah, Eman M. and Bastacky, Sheldon I. and Jackson, Edwin
		  K. and Tofovic, Stevan P.},
  doi		= {10.1097/FJC.0000000000000561},
  journal	= {J. Cardiovasc. Pharmacol.},
  number	= {4},
  pages		= {205--214},
  title		= {{Captopril Attenuates Cardiovascular and Renal Disease in
		  a Rat Model of Heart Failure with Preserved Ejection
		  Fraction}},
  volume	= {71},
  year		= {2018}
}

@Article{	  Saltelli:2010,
  author	= {Saltelli, Andrea and Annoni, Paola and Azzini, Ivano and
		  Campolongo, Francesca and Ratto, Marco and Tarantola,
		  Stefano},
  doi		= {10.1016/j.cpc.2009.09.018},
  journal	= {Comput. Phys. Commun.},
  month		= {feb},
  number	= {2},
  pages		= {259--270},
  title		= {{Variance based sensitivity analysis of model output.
		  Design and estimator for the total sensitivity index}},
  volume	= {181},
  year		= {2010}
}

@Article{	  Salter:2016,
  author	= {Salter, James M. and Williamson, Daniel},
  doi		= {10.1002/env.2405},
  journal	= {Environmetrics},
  number	= {8},
  pages		= {507--523},
  title		= {{A comparison of statistical emulation methodologies for
		  multi-wave calibration of environmental models}},
  volume	= {27},
  year		= {2016}
}

@Article{	  Salter:2016*a,
  author	= {Salter, James M. and Williamson, Daniel},
  doi		= {10.1002/env.2405},
  journal	= {Environmetrics},
  number	= {8},
  pages		= {507--523},
  title		= {{A comparison of statistical emulation methodologies for
		  multi-wave calibration of environmental models}},
  volume	= {27},
  year		= {2016}
}

@Article{	  Sarkar:2010,
  author	= {Sarkar, Amrita X. and Sobie, Eric A.},
  doi		= {10.1371/journal.pcbi.1000914},
  journal	= {PLoS Comput. Biol.},
  number	= {9},
  title		= {{Regression analysis for constraining free parameters in
		  electrophysiological models of cardiac cells}},
  volume	= {6},
  year		= {2010}
}

@Article{	  Sato:1990,
  author	= {Sato, F and Isoyama, S and Takishima, T},
  doi		= {10.1161/01.hyp.16.1.26},
  journal	= {Hypertension},
  month		= {jul},
  number	= {1},
  pages		= {26--34},
  title		= {{Normalization of impaired coronary circulation in
		  hypertrophied rat hearts.}},
  url		= {http://www.ncbi.nlm.nih.gov/pubmed/2142125},
  volume	= {16},
  year		= {1990}
}

@Article{	  Schmederer:2018,
  author	= {Schmederer, Zelia and Rolim, Natale and Bowen, T. Scott
		  and Linke, Axel and Wisloff, Ulrik and Adams, Volker},
  doi		= {10.1016/j.ijcard.2018.08.087},
  journal	= {Int. J. Cardiol.},
  pages		= {147--154},
  title		= {{Endothelial function is disturbed in a hypertensive
		  diabetic animal model of HFpEF: Moderate continuous vs.
		  high intensity interval training}},
  url		= {https://doi.org/10.1016/j.ijcard.2018.08.087},
  volume	= {273},
  year		= {2018}
}

@Article{	  Schunkert:1990,
  author	= {Schunkert, H and Dzau, V J and Tang, S S and Hirsch, A T
		  and Apstein, C S and Lorell, B H},
  doi		= {10.1172/JCI114924},
  journal	= {J. Clin. Invest.},
  month		= {dec},
  number	= {6},
  pages		= {1913--1920},
  title		= {{Increased rat cardiac angiotensin converting enzyme
		  activity and mRNA expression in pressure overload left
		  ventricular hypertrophy. Effects on coronary resistance,
		  contractility, and relaxation}},
  volume	= {86},
  year		= {1990}
}

@Article{	  Schunkert:1995,
  author	= {Schunkert, H and Weinberg, E O and Bruckschlegel, G and
		  Riegger, A J and Lorell, B H},
  doi		= {10.1172/JCI118346},
  journal	= {J. Clin. Invest.},
  month		= {dec},
  number	= {6},
  pages		= {2768--2774},
  title		= {{Alteration of growth responses in established cardiac
		  pressure overload hypertrophy in rats with aortic
		  banding}},
  volume	= {96},
  year		= {1995}
}

@Article{	  Sher:2013,
  author	= {Sher, Anna A. and Wang, Ken and Wathen, Andrew and
		  Maybank, Philip John and Mirams, Gary R. and Abramson,
		  David and Noble, Denis and Gavaghan, David J.},
  doi		= {10.1016/j.future.2011.09.006},
  journal	= {Futur. Gener. Comput. Syst.},
  number	= {2},
  pages		= {591--598},
  title		= {{A local sensitivity analysis method for developing
		  biological models with identifiable parameters: Application
		  to cardiac ionic channel modelling}},
  url		= {http://dx.doi.org/10.1016/j.future.2011.09.006},
  volume	= {29},
  year		= {2013}
}

@Article{	  Sobol:2001,
  author	= {Sobol, I.M},
  doi		= {10.1016/S0378-4754(00)00270-6},
  journal	= {Math. Comput. Simul.},
  month		= {feb},
  number	= {1-3},
  pages		= {271--280},
  title		= {{Global sensitivity indices for nonlinear mathematical
		  models and their Monte Carlo estimates}},
  volume	= {55},
  year		= {2001}
}

@Article{	  Stolina:2020,
  author	= {Stolina, Marina and Luo, Xin and Dwyer, Denise and Han,
		  Chun Ya and Chen, Rhonda and Zhang, Ying and Xiong, Yu Mei
		  and Chen, Yinhong and Yin, Jun and Shkumatov, Artem and
		  Ason, Brandon and Hale, Clarence and V{\'{e}}niant,
		  Murielle M.},
  doi		= {10.1371/journal.pone.0231234},
  isbn		= {1111111111},
  journal	= {PLoS One},
  number	= {8 August},
  pages		= {1--25},
  title		= {{The evolving systemic biomarker milieu in obese ZSF1 rat
		  model of human cardiometabolic syndrome: Characterization
		  of the model and cardioprotective effect of GDF15}},
  volume	= {15},
  year		= {2020}
}

@Article{	  Strocchi:2020,
  author	= {Strocchi, Marina and Gsell, Matthias A.F. and Augustin,
		  Christoph M. and Razeghi, Orod and Roney, Caroline H. and
		  Prassl, Anton J. and Vigmond, Edward J. and Behar, Jonathan
		  M. and Gould, Justin S. and Rinaldi, Christopher A. and
		  Bishop, Martin J. and Plank, Gernot and Niederer, Steven
		  A.},
  doi		= {10.1016/j.jbiomech.2020.109645},
  journal	= {J. Biomech.},
  pages		= {109645},
  title		= {{Simulating ventricular systolic motion in a four-chamber
		  heart model with spatially varying robin boundary
		  conditions to model the effect of the pericardium}},
  url		= {https://doi.org/10.1016/j.jbiomech.2020.109645},
  volume	= {101},
  year		= {2020}
}

@Article{	  Stull:2002,
  author	= {Stull, Linda B. and Leppo, Michelle K. and Marb{\'{a}}n,
		  Eduardo and Janssen, Paul M.L.},
  doi		= {10.1006/jmcc.2002.2065},
  journal	= {J. Mol. Cell. Cardiol.},
  number	= {10},
  pages		= {1367--1376},
  title		= {{Physiological Determinants of Contractile Force
		  Generation and Calcium Handling in Mouse Myocardium}},
  volume	= {34},
  year		= {2002}
}

@Article{	  Stuyvers:2002,
  author	= {Stuyvers, Bruno D. and McCulloch, Andrew D. and Guo,
		  Jiqing and Duff, Henry J. and {Ter Keurs}, Henk E.D.J.},
  doi		= {10.1113/jphysiol.2002.024430},
  journal	= {J. Physiol.},
  month		= {nov},
  number	= {3},
  pages		= {817--830},
  title		= {{Effect of stimulation rate, sarcomere length and Ca2+ on
		  force generation by mouse cardiac muscle}},
  volume	= {544},
  year		= {2002}
}

@Article{	  Swenson:2017,
  author	= {Swenson, Anja M. and Tang, X. Wanjian and Blair, Cheavar
		  A. and Fetrow, Christopher M. and Unrath, William C. and
		  Previs, Michael J. and Campbell, Kenneth S. and Yengo,
		  Christopher M.},
  doi		= {10.1074/jbc.M116.748780},
  journal	= {J. Biol. Chem.},
  month		= {mar},
  number	= {9},
  pages		= {3768--3778},
  title		= {{Omecamtiv mecarbil enhances the duty ratio of human
		  $\beta$-cardiac myosin resulting in increased calcium
		  sensitivity and slowed force development in cardiac
		  muscle}},
  volume	= {292},
  year		= {2017}
}

@Article{	  Teerlink:2011,
  author	= {Teerlink, John R. and Clarke, Cyril P. and Saikali, Khalil
		  G. and Lee, Jacqueline H. and Chen, Michael M. and
		  Escandon, Rafael D. and Elliott, Lyndsey and Bee, Rachel
		  and Habibzadeh, Mohammad Reza and Goldman, Jonathan H. and
		  Schiller, Nelson B. and Malik, Fady I. and Wolff, Andrew
		  A.},
  doi		= {10.1016/S0140-6736(11)61219-1},
  journal	= {Lancet},
  number	= {9792},
  pages		= {667--675},
  title		= {{Dose-dependent augmentation of cardiac systolic function
		  with the selective cardiac myosin activator, omecamtiv
		  mecarbil: A first-in-man study}},
  volume	= {378},
  year		= {2011}
}

@Article{	  Teerlink:2021,
  author	= {Teerlink, John R. and Diaz, Rafael and Felker, G. Michael
		  and McMurray, John J.V. and Metra, Marco and Solomon, Scott
		  D. and Adams, Kirkwood F. and Anand, Inder and
		  Arias-Mendoza, Alexandra and Biering-S{\o}rensen, Tor and
		  B{\"{o}}hm, Michael and Bonderman, Diana and Cleland, John
		  G.F. and Corbalan, Ramon and Crespo-Leiro, Maria G. and
		  Dahlstr{\"{o}}m, Ulf and Echeverria, Luis E. and Fang,
		  James C. and Filippatos, Gerasimos and Fonseca,
		  C{\^{a}}ndida and Goncalvesova, Eva and Goudev, Assen R.
		  and Howlett, Jonathan G. and Lanfear, David E. and Li, Jing
		  and Lund, Mayanna and Macdonald, Peter and Mareev,
		  Viacheslav and Momomura, Shin-ichi and O'Meara, Eileen and
		  Parkhomenko, Alexander and Ponikowski, Piotr and Ramires,
		  Felix J.A. and Serpytis, Pranas and Sliwa, Karen and
		  Spinar, Jindrich and Suter, Thomas M. and Tomcsanyi, Janos
		  and Vandekerckhove, Hans and Vinereanu, Dragos and Voors,
		  Adriaan A. and Yilmaz, Mehmet B. and Zannad, Faiez and
		  Sharpsten, Lucie and Legg, Jason C. and Varin, Claire and
		  Honarpour, Narimon and Abbasi, Siddique A. and Malik, Fady
		  I. and Kurtz, Christopher E.},
  doi		= {10.1056/NEJMoa2025797},
  journal	= {N. Engl. J. Med.},
  month		= {jan},
  number	= {2},
  title		= {{Cardiac Myosin Activation with Omecamtiv Mecarbil in
		  Systolic Heart Failure}},
  volume	= {384},
  year		= {2021}
}

@Article{	  Tikunova:2004,
  author	= {Tikunova, Svetlana B. and Davis, Jonathan P.},
  doi		= {10.1074/jbc.M405413200},
  journal	= {J. Biol. Chem.},
  month		= {aug},
  number	= {34},
  pages		= {35341--35352},
  title		= {{Designing calcium-sensitizing mutations in the regulatory
		  domain of cardiac troponin C}},
  volume	= {279},
  year		= {2004}
}

@Article{	  Toledo:2017,
  author	= {Toledo, Camilo and Andrade, David C. and Lucero, Claudia
		  and Arce-Alvarez, Alexis and D{\'{i}}az, Hugo S. and
		  Aliaga, Valent{\'{i}}n and Schultz, Harold D. and Marcus,
		  Noah J. and Manr{\'{i}}quez, M{\'{o}}nica and
		  Fa{\'{u}}ndez, Marcelo and {Del Rio}, Rodrigo},
  doi		= {10.1113/JP273558},
  journal	= {J. Physiol.},
  month		= {apr},
  number	= {8},
  pages		= {2479--2495},
  title		= {{Cardiac diastolic and autonomic dysfunction are
		  aggravated by central chemoreflex activation in heart
		  failure with preserved ejection fraction rats}},
  volume	= {595},
  year		= {2017}
}

@Article{	  Van-Dijk:2016,
  author	= {{Van Dijk}, Christian G.M. and Oosterhuis, Nynke R. and
		  Xu, Yan Juan and Brandt, Maarten and Paulus, Walter J. and
		  {Van Heerebeek}, Loek and Duncker, Dirk J. and Verhaar,
		  Marianne C. and Fontoura, Dulce and Louren{\c{c}}o,
		  Andr{\'{e}} P. and Leite-Moreira, Adelino F. and
		  Falc{\~{a}}o-Pires, In{\^{e}}s and Joles, Jaap A. and
		  Cheng, Caroline},
  doi		= {10.1161/CIRCHEARTFAILURE.115.002760},
  journal	= {Circ. Hear. Fail.},
  number	= {4},
  pages		= {1--13},
  title		= {{Distinct endothelial cell responses in the heart and
		  kidney microvasculature characterize the progression of
		  heart failure with preserved ejection fraction in the obese
		  ZSF1 rat with cardiorenal metabolic syndrome}},
  volume	= {9},
  year		= {2016}
}

@Article{	  Vernon:2010,
  author	= {Vernon, Ian and Goldsteiny, Michael and Bowerz, Richard
		  G.},
  doi		= {10.1214/10-BA524},
  journal	= {Bayesian Anal.},
  number	= {4},
  pages		= {619--670},
  title		= {{Galaxy formation: A Bayesian uncertainty analysis}},
  volume	= {5},
  year		= {2010}
}

@Article{	  Vernon:2018,
  author	= {Vernon, Ian and Liu, Junli and Goldstein, Michael and
		  Rowe, James and Topping, Jen and Lindsey, Keith},
  doi		= {10.1186/s12918-017-0484-3},
  journal	= {BMC Syst. Biol.},
  month		= {dec},
  number	= {1},
  pages		= {1},
  title		= {{Bayesian uncertainty analysis for complex systems biology
		  models: emulation, global parameter searches and evaluation
		  of gene functions}},
  url		= {https://bmcsystbiol.biomedcentral.com/articles/10.1186/s12918-017-0484-3},
  volume	= {12},
  year		= {2018}
}

@Article{	  Wang:2009,
  author	= {Wang, Vicky Y. and Lam, H. I. and Ennis, Daniel B. and
		  Cowan, Brett R. and Young, Alistair A. and Nash, Martyn
		  P.},
  doi		= {10.1016/j.media.2009.07.006},
  journal	= {Med. Image Anal.},
  number	= {5},
  pages		= {773--784},
  title		= {{Modelling passive diastolic mechanics with quantitative
		  MRI of cardiac structure and function}},
  url		= {http://dx.doi.org/10.1016/j.media.2009.07.006},
  volume	= {13},
  year		= {2009}
}

@Article{	  Wang:2020,
  author	= {Wang, Longfei and Halliday, Gunner and Huot, Joshua R. and
		  Satoh, Taijyu and Baust, Jeffrey J. and Fisher, Amanda and
		  Cook, Todd and Hu, Jian and Avolio, Theodore and Goncharov,
		  Dmitry A. and Bai, Yang and Vanderpool, Rebecca R. and
		  Considine, Robert V. and Bonetto, Andrea and Tan, Jiangning
		  and Bachman, Timothy N. and Sebastiani, Andrea and
		  McTiernan, Charles F. and Mora, Ana L. and Machado, Roberto
		  F. and Goncharova, Elena A. and Gladwin, Mark T. and Lai,
		  Yen Chun},
  doi		= {10.1161/ATVBAHA.119.313883},
  journal	= {Arterioscler. Thromb. Vasc. Biol.},
  number	= {June},
  pages		= {1543--1558},
  title		= {{Treatment with Treprostinil and Metformin Normalizes
		  Hyperglycemia and Improves Cardiac Function in Pulmonary
		  Hypertension Associated with Heart Failure with Preserved
		  Ejection Fraction}},
  year		= {2020}
}

@Article{	  Wei-Dong-Gao:1994,
  author	= {{Wei Dong Gao} and Backx, P. H. and Azan-Backx, M. and
		  Marban, E.},
  doi		= {10.1161/01.res.74.3.408},
  journal	= {Circ. Res.},
  number	= {3},
  pages		= {408--415},
  title		= {{Myofilament Ca2+ sensitivity in intact versus skinned rat
		  ventricular muscle}},
  volume	= {74},
  year		= {1994}
}

@Article{	  Westerhof:1971,
  author	= {Westerhof, N. and Elzinga, G. and Sipkema, P.},
  doi		= {10.1152/jappl.1971.31.5.776},
  journal	= {J. Appl. Physiol.},
  number	= {5},
  pages		= {776--781},
  title		= {{An artificial arterial system for pumping hearts.}},
  volume	= {31},
  year		= {1971}
}

@Article{	  Westerhof:1991,
  author	= {Westerhof, N. and Elzinga, G.},
  doi		= {10.1152/ajpregu.1991.261.1.R126},
  journal	= {Am. J. Physiol. Integr. Comp. Physiol.},
  month		= {jul},
  number	= {1},
  pages		= {R126--R133},
  title		= {{Normalized input impedance and arterial decay time over
		  heart period are independent of animal size}},
  volume	= {261},
  year		= {1991}
}

@Article{	  Yin:1980,
  author	= {Yin, F. C.P. and Spurgeon, H. A. and Weisfeldt, M. L. and
		  Lakatta, E. G.},
  doi		= {10.1161/01.RES.46.2.292},
  journal	= {Circ. Res.},
  number	= {2},
  pages		= {292--300},
  title		= {{Mechanical properties of myocardium from hypertrophied
		  rat hearts. A comparison between hypertrophy induced by
		  senescence and by aortic banding}},
  volume	= {46},
  year		= {1980}
}

@Article{	  Zuckerman:1989,
  author	= {Zuckerman, B. D. and Yin, F. C.P.},
  doi		= {10.1152/ajpheart.1989.257.2.h553},
  journal	= {Am. J. Physiol. - Hear. Circ. Physiol.},
  number	= {2},
  title		= {{Aortic impedance and compliance in hypertensive rats}},
  volume	= {257},
  year		= {1989}
}


@Article{	  Amsterdam:1988,
  author	= {van Amsterdam, Frank T. M. and Zaagsma, Johan},
  journal	= {Naunyn Schmiedebergs Arch Pharmacol.},
  number	= {2},
  pages		= {213--219},
  title		= {{Stereoisomers of calcium antagonists discriminate between
		  coronary vascular and myocardial sites}},
  volume	= {337},
  year		= {1988}
}

@Article{	  Dong:1997,
  author	= {Dong, Hui and Earle, Mary L. and Jiang, Yanfen and
		  Loutzenhiser, Kathy A. and Triggle, Christopher R.},
  doi		= {10.1038/sj.bjp.0701508},
  journal	= {Br. J. Pharmacol.},
  number	= {7},
  pages		= {1271--1278},
  title		= {{Cardiovascular effects of CPU-23, a novel L-type calcium
		  channel blocker with a unique molecular structure}},
  volume	= {122},
  year		= {1997}
}

@Article{	  Flaim:1982,
  author	= {Flaim, Stephen F. and Zelis, Robert},
  journal	= {J. Pharmacol. Exp. Ther.},
  number	= {2},
  pages		= {359--366},
  title		= {{Effects of diltiazem on total cardiac output distribution
		  in conscious rats}},
  volume	= {222},
  year		= {1982}
}

@Article{	  Hesketh:2020,
  author	= {Hesketh, Louise M. and Wilder, Catherine D.E. and
		  Ranadive, Niraja N. and Lytra, Georgia and Qazimi, Patrisia
		  and Munro, Jade S. and Ahdi, Nakita and Curtis, Michael
		  J.},
  doi		= {10.1038/s41598-020-65190-y},
  journal	= {Sci. Rep.},
  number	= {1},
  pages		= {1--11},
  title		= {{Characterisation of mexiletine's translational
		  therapeutic index for suppression of ischaemia-induced
		  ventricular fibrillation in the rat isolated heart}},
  volume	= {10},
  year		= {2020}
}

@Article{	  Hoffmeister:1988,
  author	= {Hoffmeister, H. M. and Seipel, L.},
  journal	= {Klin Wochenschr.},
  number	= {10},
  pages		= {451--454},
  title		= {{Comparison of the hemodynamics effects of D-sotalol and
		  D,L-sotalol}},
  volume	= {66},
  year		= {1988}
}

@Article{	  Huizer:1987,
  author	= {Huizer, T and de Jong, JW and Achterberg, PW},
  journal	= {J Cardiovasc Pharmacol.},
  number	= {1},
  pages		= {55--61},
  title		= {{Protection by bepridil against myocardial ATP-catabolism
		  is probably due to negative inotropy}},
  volume	= {10},
  year		= {1987}
}

@Article{	  Hwang:2009,
  author	= {Hwang, Hyosook and Arcidi, Joseph M. and Hale, Sharon L.
		  and Simkhovich, Boris Z. and Belardinelli, Luiz and Dhalla,
		  Arvinder K. and Shryock, John C. and Kloner, Robert A.},
  doi		= {10.1161/CIRCULATIONAHA.108.844167},
  journal	= {Circulation},
  number	= {SUPPL. 1},
  pages		= {16--21},
  title		= {{Ranolazine as a cardioplegia additive improves recovery
		  of diastolic function in isolated rat hearts}},
  volume	= {120},
  year		= {2009}
}

@Article{	  Kamiyama:1995,
  author	= {Kamiyama, Toru and Tanonaka, Kouichi and Harada, Hideaki
		  and Nakai, Katsuhiko and Takeo, Satoshi},
  doi		= {10.1016/0014-2999(94)00640-S},
  journal	= {Eur. J. Pharmacol.},
  number	= {2-3},
  pages		= {151--158},
  title		= {{Mexiletine and lidocaine reduce post-ischemic functional
		  and biochemical dysfunction of perfused hearts}},
  volume	= {272},
  year		= {1995}
}

@Article{	  Katsuoka:1989,
  author	= {Katsuoka, M. and Ohnishi, S. T.},
  doi		= {10.1016/0952-3278(89)90064-1},
  journal	= {Prostaglandins, Leukot. Essent. Fat. Acids},
  number	= {3},
  pages		= {151--156},
  title		= {{Pharmacologic protection of perfused rat heart against
		  global ischemia}},
  volume	= {38},
  year		= {1989}
}

@Article{	  Kolař:1990,
  author	= {Kol{\'{a}}ř, F. and O{\v{s}}t'{\'{a}}dal, B. and
		  Papou{\v{s}}ek, F.},
  doi		= {10.1007/BF01931488},
  journal	= {Basic Res. Cardiol.},
  number	= {5},
  pages		= {429--434},
  title		= {{Effect of verapamil on contractile function of the
		  isolated perfused rat heart during postnatal ontogeny}},
  volume	= {85},
  year		= {1990}
}

@Article{	  Koltai:1989,
  author	= {Koltai, Matyas and Tosaki, Arpad and Hosford, David and
		  Braquet, Pierre},
  doi		= {10.1016/0014-2999(89)90470-6},
  journal	= {Eur. J. Pharmacol.},
  number	= {2},
  pages		= {293--302},
  title		= {{Ginkgolide B protects isolated hearts against arrhythmias
		  induced by ischemia but not reperfusion}},
  volume	= {164},
  year		= {1989}
}

@Article{	  Langslet:1971,
  author	= {Langslet, Asbj{\o}rn and Ryg, Morten},
  doi		= {10.1111/j.1600-0773.1971.tb00627.x},
  journal	= {Acta Pharmacol. Toxicol. (Copenh).},
  number	= {5-6},
  pages		= {533--541},
  title		= {{Effects of Chlorpromazine and Propranolol on Left
		  Ventricular Systolic Pressure, ECG, and K+ Efflux in the
		  Isolated Perfused Rat Heart}},
  volume	= {29},
  year		= {1971}
}

@Article{	  Leiris:1984,
  author	= {de Leiris, J. and Harding, D. P. and Pestre, S.},
  doi		= {10.1007/BF01908032},
  journal	= {Basic Res. Cardiol.},
  number	= {3},
  pages		= {313--321},
  title		= {{The isolated perfused rat heart: A model for studying
		  myocardial hypoxia or ischaemia}},
  volume	= {79},
  year		= {1984}
}
@Article{	  Li:2019,
  author	= {Li, Zhihua and Ridder, Bradley J. and Han, Xiaomei and Wu,
		  Wendy W. and Sheng, Jiansong and Tran, Phu N. and Wu, Min
		  and Randolph, Aaron and Johnstone, Ross H. and Mirams, Gary
		  R. and Kuryshev, Yuri and Kramer, James and Wu, Caiyun and
		  Crumb, William J. and Strauss, David G.},
  doi		= {10.1002/cpt.1184},
  journal	= {Clin. Pharmacol. Ther.},
  number	= {2},
  pages		= {466--475},
  title		= {{Assessment of an In Silico Mechanistic Model for
		  Proarrhythmia Risk Prediction Under the CiPA Initiative}},
  volume	= {105},
  year		= {2019}
}

@Article{	  Mackin:2019,
  author	= {Mackin, Charles and DeWitt, Elizabeth S. and Black,
		  Katherine J. and Tang, Xiaoqi and Polizzotti, Brian D. and
		  van den Bosch, Sarah J. and Alexander, Mark E. and Kheir,
		  John N.},
  doi		= {10.1177/1074248418810811},
  isbn		= {1074248418810},
  journal	= {J. Cardiovasc. Pharmacol. Ther.},
  number	= {3},
  pages		= {288--297},
  title		= {{Intravenous Amiodarone and Sotalol Impair Contractility
		  and Cardiac Output, but Procainamide Does Not: A
		  Langendorff Study}},
  volume	= {24},
  year		= {2019}
}

@Article{	  Marshall:1981,
  author	= {Marshall, R J and Muir, A W and Winslow, E},
  journal	= {Br. J. Pharmacol.},
  pages		= {381--388},
  title		= {{Mexiletine and Org 6001 in the Anaesthetized Rat}},
  volume	= {74},
  year		= {1981}
}

@Article{	  Nishimura:1992,
  author	= {Nishimura, H and Kubota, J and Okabe, M and Ueyama, M and
		  Kawamura, K},
  journal	= {Jpn Circ J},
  number	= {3},
  pages		= {256--261},
  title		= {{Nifedipine in divided doses does not reverse left
		  ventricular hypertrophy in spontaneously hypertensive
		  rats}},
  url		= {https://www.jstage.jst.go.jp/article/bpb1993/17/11/17{\_}11{\_}1460/{\_}pdf/-char/ja},
  volume	= {56},
  year		= {1992}
}

@Article{	  Peralta:2000,
  author	= {Peralta, Adelqui O. and John, Roy M. and Gaasch, William
		  H. and Taggart, Peter I. and Martin, David T. and Venditti,
		  Ferdinand J.},
  doi		= {10.1016/S0735-1097(00)00833-0},
  journal	= {J. Am. Coll. Cardiol.},
  number	= {4},
  pages		= {1404--1410},
  title		= {{The class III antiarrhythmic effect of sotalol exerts a
		  reverse use-dependent positive inotropic effect in the
		  intact canine heart}},
  url		= {http://dx.doi.org/10.1016/S0735-1097(00)00833-0},
  volume	= {36},
  year		= {2000}
}

@Article{	  Park:2019,
  author	= {Park, Jin-sol and Jeon, Ji-young and Yang, Ji-ho and Kim,
		  Min-gul},
  journal	= {Transl Clin Pharmacol},
  number	= {1},
  pages		= {12--18},
  title		= {{Introduction to in silico model for proarrhythmic risk
		  assessment under the CiPA initiative}},
  volume	= {27},
  year		= {2019}
}

@Article{	  Sakai:2017,
  author	= {Sakai, Arisa and Sunada, Katsuhisa},
  doi		= {10.1007/s10266-016-0241-x},
  journal	= {Odontology},
  number	= {1},
  pages		= {103--107},
  title		= {{Effects of adrenaline on circulatory dynamics and cardiac
		  function in rats administered chlorpromazine}},
  volume	= {105},
  year		= {2017}
}

@Article{	  Saponara:2007,
  author	= {Saponara, Simona and Ferrara, Antonella and Gorelli,
		  Beatrice and Shah, Anamik and Kawase, Masami and Motohashi,
		  Noboru and Molnar, Joseph and Sgaragli, Giampietro and
		  Fusi, Fabio},
  doi		= {10.1016/j.ejphar.2007.02.001},
  journal	= {Eur. J. Pharmacol.},
  number	= {1-3},
  pages		= {160--163},
  title		= {{3,5-Dibenzoyl-4-(3-phenoxyphenyl)-1,4-dihydro-2,6-dimethylpyridine
		  (DP7): A new multidrug resistance inhibitor devoid of
		  effects on Langendorff-perfused rat heart}},
  volume	= {563},
  year		= {2007}
}

@Article{	  Simonovic:2019,
  author	= {Simonovic, Nina and Jakovljevic, Vladimir and Jeremic,
		  Jovana and Finderle, Zarko and Srejovic, Ivan and {Nikolic
		  Turnic}, Tamara and Milosavljevic, Isidora and Zivkovic,
		  Vladimir},
  doi		= {10.1007/s11010-018-3384-y},
  isbn		= {0123456789},
  journal	= {Mol. Cell. Biochem.},
  number	= {1-2},
  pages		= {175--185},
  title		= {{Comparative effects of calcium and potassium channel
		  modulators on ischemia/reperfusion injury in the isolated
		  rat heart}},
  url		= {http://dx.doi.org/10.1007/s11010-018-3384-y},
  volume	= {450},
  year		= {2019}
}

@Article{	  Stojic:2017,
  author	= {Stojic, Isidora and Srejovic, Ivan and Zivkovic, Vladimir
		  and Jeremic, Nevena and Djuric, Marko and Stevanovic, Ana
		  and Milanovic, Tamara and Djuric, Dragan and Jakovljevic,
		  Vladimir},
  doi		= {10.1007/s13105-016-0534-0},
  journal	= {J. Physiol. Biochem.},
  number	= {1},
  pages		= {141--153},
  title		= {{The effects of verapamil and its combinations with
		  glutamate and glycine on cardiodynamics, coronary flow and
		  oxidative stress in isolated rat heart}},
  url		= {http://dx.doi.org/10.1007/s13105-016-0534-0},
  volume	= {73},
  year		= {2017}
}

@Article{	  Wang:2007,
  author	= {Wang, Peipei and Fraser, Heather and Lloyd, Steven G. and
		  McVeigh, Jeffrey J. and Belardinelli, Luiz and Chatham,
		  John C.},
  doi		= {10.1124/jpet.106.115519},
  journal	= {J. Pharmacol. Exp. Ther.},
  number	= {1},
  pages		= {213--220},
  title		= {{A comparison between ranolazine and CVT-4325, a novel
		  inhibitor of fatty acid oxidation, on cardiac metabolism
		  and left ventricular function in rat isolated perfused
		  heart during ischemia and reperfusion}},
  volume	= {321},
  year		= {2007}
}

@Article{	  Wang:2019,
  author	= {Wang, G. T. and Li, H. and Yu, Z. Q. and He, X. N.},
  doi		= {10.26355/eurrev_201911_19456},
  journal	= {Eur. Rev. Med. Pharmacol. Sci.},
  number	= {21},
  pages		= {9625--9632},
  title		= {{Effects of ranolazine on cardiac function in rats with
		  heart failure}},
  volume	= {23},
  year		= {2019}
}



@Article{	  Corrado:2020,
  author	= {Corrado, Cesare and Avezz{\`{u}}, Adelisa and Lee, Angela
		  W.C. and {Mendoca Costa}, Caroline and Roney, Caroline H.
		  and Strocchi, Marina and Bishop, Martin and Niederer,
		  Steven A.},
  doi		= {10.1002/wsbm.1508},
  journal	= {Wiley Interdiscip. Rev. Syst. Biol. Med.},
  number	= {May 2020},
  pages		= {1--16},
  title		= {{Using cardiac ionic cell models to interpret clinical
		  data}},
  year		= {2020}
}

@Article{	  Fink:2009,
  author	= {Fink, Martin and Noble, Denis},
  doi		= {10.1098/rsta.2008.0301},
  journal	= {Philos. Trans. R. Soc. A Math. Phys. Eng. Sci.},
  number	= {1896},
  pages		= {2161--2179},
  title		= {{Markov models for ion channels: Versatility versus
		  identifiability and speed}},
  volume	= {367},
  year		= {2009}
}

@Article{	  Hodgkin:1952,
  author	= {Hodgkin, A. L. and Huxley, A. F.},
  doi		= {10.1113/jphysiol.1952.sp004764},
  journal	= {J. Physiol.},
  number	= {4},
  pages		= {500--544},
  title		= {{A quantitative description of membrane current and its
		  application to conduction and excitation in nerve}},
  volume	= {117},
  year		= {1952}
}

@Article{	  Niederer:2019,
  author	= {Niederer, Steven A. and Campbell, Kenneth S. and Campbell,
		  Stuart G.},
  doi		= {10.1016/j.yjmcc.2018.11.015},
  journal	= {J. Mol. Cell. Cardiol.},
  number	= {November 2018},
  pages		= {11--19},
  title		= {{A short history of the development of mathematical models
		  of cardiac mechanics}},
  url		= {https://doi.org/10.1016/j.yjmcc.2018.11.015},
  volume	= {127},
  year		= {2019}
}

@Article{	  Niederer:2019*a,
  author	= {Niederer, Steven A. and Lumens, Joost and Trayanova,
		  Natalia A.},
  doi		= {10.1038/s41569-018-0104-y},
  journal	= {Nat. Rev. Cardiol.},
  number	= {2},
  pages		= {100--111},
  title		= {{Computational models in cardiology}},
  url		= {http://dx.doi.org/10.1038/s41569-018-0104-y},
  volume	= {16},
  year		= {2019}
}

@book{
	BonetWood:2008,
	place={Cambridge},
	edition={2},
	title={Nonlinear Continuum Mechanics for Finite Element Analysis},
	DOI={10.1017/CBO9780511755446},
	publisher={Cambridge University Press},
	author={Bonet, Javier and Wood, Richard D.},
	year={2008}
}

@book{Fung:1993,
  title={Biomechanics: Mechanical Properties of Living Tissues},
  author={Fung, Y.C.},
  isbn={9780387979472},
  year={1993},
  publisher={Springer New York}
}


@Article{	  Adelborg:2017,
  author	= {Adelborg, Kasper and Sz{\'{e}}pligeti, Szimonetta and
		  Sundb{\o}ll, Jens and Horv{\'{a}}th-Puh{\'{o}},
		  Erzs{\'{e}}bet and Henderson, Victor W. and Ording, Anne
		  and Pedersen, Lars and S{\o}rensen, Henrik Toft},
  doi		= {10.1161/STROKEAHA.116.016022},
  journal	= {Stroke},
  number	= {5},
  pages		= {1161--1168},
  title		= {{Risk of Stroke in Patients with Heart Failure: A
		  Population-Based 30-Year Cohort Study}},
  volume	= {48},
  year		= {2017}
}

@Article{	  Henkel:2008,
  author	= {Henkel, Danielle M. and Redfield, Margaret M. and Weston,
		  Susan A. and Gerber, Yariv and Roger, V{\'{e}}ronique L.},
  doi		= {10.1161/CIRCHEARTFAILURE.107.743146},
  journal	= {Circ. Heart Fail.},
  number	= {2},
  pages		= {91--97},
  title		= {{Death in heart failure: a community perspective.}},
  volume	= {1},
  year		= {2008}
}

@Article{	  Adamczak:2020,
  author	= {Adamczak, Daria M and Oduah, Mary-tiffany and Kiebalo,
		  Thomas and Nartowicz, Sonia and Marcin, B and Pochylski,
		  Mateusz and Ciep, Aleksandra and Gwizda, Adrian and Lesiak,
		  Maciej and Straburzy, Ewa},
  journal	= {Curr. Cardiol. Rep.},
  number	= {9},
  pages		= {82},
  title		= {{Heart Failure with Preserved Ejection Fraction — a
		  Concise Review}},
  volume	= {22},
  year		= {2020}
}

@Article{	  Pfeffer:2019,
  author	= {Pfeffer, Marc A. and Shah, Amil M. and Borlaug, Barry A.},
  doi		= {10.1161/CIRCRESAHA.119.313572},
  journal	= {Circ. Res.},
  number	= {11},
  pages		= {1598--1617},
  title		= {{Heart Failure with Preserved Ejection Fraction in
		  Perspective}},
  volume	= {124},
  year		= {2019}
}

@Article{	  Andersen:2014,
  author	= {Andersen, Mads J. and Borlaug, Barry A.},
  doi		= {10.1007/s11886-014-0501-8},
  journal	= {Curr. Cardiol. Rep.},
  number	= {7},
  title		= {{Heart failure with preserved ejection fraction: Current
		  understandings and challenges}},
  volume	= {16},
  year		= {2014}
}

@Article{	  Borlaug:2009,
  author	= {Borlaug, Barry A. and Lam, Carolyn S.P. and Roger,
		  V{\'{e}}ronique L. and Rodeheffer, Richard J. and Redfield,
		  Margaret M.},
  doi		= {10.1016/j.jacc.2009.05.013},
  journal	= {J. Am. Coll. Cardiol.},
  number	= {5},
  pages		= {410--418},
  title		= {{Contractility and Ventricular Systolic Stiffening in
		  Hypertensive Heart Disease. Insights Into the Pathogenesis
		  of Heart Failure With Preserved Ejection Fraction}},
  volume	= {54},
  year		= {2009}
}

@Article{	  Burlew:2002,
  author	= {Burlew, Brad S. and Weber, Karl T.},
  doi		= {10.1007/s00059-002-2354-y},
  journal	= {Herz},
  number	= {2},
  pages		= {92--98},
  title		= {{Cardiac fibrosis as a cause of diastolic dysfunction}},
  volume	= {27},
  year		= {2002}
}

@book{
	Levick:2009,
	place={Boca Raton},
	edition={5},
	title={An Introduction to Cardiovascular Physiology},
	publisher={CRC Press},
	author={Levick, Rodney J.},
	year={2009}
}

@Article{	  Shah:2012,
  author	= {Shah, Amil M. and Pfeffer, Marc A.},
  doi		= {10.1038/nrcardio.2012.123},
  journal	= {Nat. Rev. Cardiol.},
  number	= {10},
  pages		= {555--556},
  title		= {{Heart failure: The many faces of heart failure with
		  preserved ejection fraction}},
  volume	= {9},
  year		= {2012}
}

@Article{	  Zile:2004,
  author	= {Zile, Michael R. and Baicu, Catalin F. and Gaasch, William
		  H.},
  doi		= {10.1056/nejmoa032566},
  journal	= {N. Engl. J. Med.},
  number	= {19},
  pages		= {1953--1959},
  title		= {{Diastolic Heart Failure — Abnormalities in Active
		  Relaxation and Passive Stiffness of the Left Ventricle}},
  volume	= {350},
  year		= {2004}
}

@Article{	  Asp:2013,
  author	= {Asp, Michelle L and Martindale, Joshua J and Heinis,
		  Frazer I and Wang, Wang and Joseph, M},
  doi		= {10.1016/j.bbamcr.2012.09.007.Calcium},
  journal	= {Biochim Biophys Acta},
  number	= {4},
  pages		= {895--900},
  title		= {{Calcium mishandling in diastolic dysfunction: mechanisms
		  and potential therapies}},
  volume	= {1833},
  year		= {2013}
}

@Article{	  Gorski:2015,
  author	= {Gorski, Przemek A. and Ceholski, Delaine K. and Hajjar,
		  Roger J.},
  doi		= {10.1016/j.cmet.2015.01.005},
  journal	= {Cell Metab.},
  number	= {2},
  pages		= {183--194},
  title		= {{Altered myocardial calcium cycling and energetics in
		  heart failure - A rational approach for disease
		  treatment}},
  url		= {http://dx.doi.org/10.1016/j.cmet.2015.01.005},
  volume	= {21},
  year		= {2015}
}

@Article{	  Yushkevich:2006,
  author	= {Yushkevich, Paul A. and Piven, Joseph and Hazlett, Heather
		  Cody and Smith, Rachel Gimpel and Ho, Sean and Gee, James
		  C. and Gerig, Guido},
  doi		= {10.1016/j.neuroimage.2006.01.015},
  journal	= {Neuroimage},
  number	= {3},
  pages		= {1116--1128},
  title		= {{User-guided 3D active contour segmentation of anatomical
		  structures: Significantly improved efficiency and
		  reliability}},
  volume	= {31},
  year		= {2006}
}

@Article{	  Bayer:2012,
  author	= {Bayer, J. D. and Blake, R. C. and Plank, G. and Trayanova,
		  N. A.},
  doi		= {10.1007/s10439-012-0593-5},
  isbn		= {1043901205},
  journal	= {Ann. Biomed. Eng.},
  number	= {10},
  pages		= {2243--2254},
  title		= {{A novel rule-based algorithm for assigning myocardial
		  fiber orientation to computational heart models}},
  volume	= {40},
  year		= {2012}
}

@article{OHagan:2006,
title = "Bayesian analysis of computer code outputs: A tutorial",
journal = "Reliability Engineering \& System Safety",
volume = "91",
number = "10",
pages = "1290 - 1300",
year = "2006",
note = "The Fourth International Conference on Sensitivity Analysis of Model Output (SAMO 2004)",
issn = "0951-8320",
url = "https://doi.org/10.1016/j.ress.2005.11.025",
author = "A. O’Hagan"
}

@Article{	  Guccione:1991,
  author	= {Guccione, J. M. and McCulloch, A. D. and Waldman, L. K.},
  doi		= {10.1115/1.2894084},
  journal	= {J. Biomech. Eng.},
  number	= {1},
  pages		= {42--55},
  title		= {{Passive material properties of intact ventricular
		  myocardium determined from a cylindrical model}},
  volume	= {113},
  year		= {1991}
}


@phdthesis{Loot:2005,
    title = "Therapeutic perspectives of Angiotensin-(1-7) in heart failure",
    keywords = "Proefschriften (vorm), Hartzwakte, Angiotensinen, cardiologie",
    author = "Loot, {Annemarieke Elisabeth}",
    school = "University of Groningen",
    year = "2005",
}


@Article{	  Parker:2019,
  author	= {Parker, Kai and Ruggiero, Peter and Serafin, Katherine A.
		  and Hill, David F.},
  doi		= {10.1016/j.coastaleng.2019.03.004},
  journal	= {Coast. Eng.},
  number	= {March},
  pages		= {79--93},
  title		= {{Emulation as an approach for rapid estuarine modeling}},
  volume	= {150},
  year		= {2019}
}



@article{Kobayashi:1996,
author = {Kobayashi, S and Yano, M and Kohno, M and Obayashi, M and Hisamatsu, Y and Ryoke, T and Ohkusa, T and Yamakawa, K and Matsuzaki, M},
doi = {10.1161/01.cir.94.12.3362},
journal = {Circulation},
number = {12},
pages = {3362--8},
pmid = {8989152},
title = {{Influence of aortic impedance on the development of pressure-overload left ventricular hypertrophy in rats}},
volume = {94},
year = {1996}
}


@article{Kucherenko:2005,
  title={Global sensitivity indices for nonlinear mathematical models, Review},
  author={Kucherenko, SS and others},
  journal={Wilmott Mag},
  volume={1},
  pages={56--61},
  year={2005}
}

@Article{	  Rabitz:1999,
  author	= {Rabitz, Herschel and Aliş, {\"{O}}mer F. and Shorter,
		  Jeffrey and Shim, Kyurhee},
  doi		= {10.1016/S0010-4655(98)00152-0},
  journal	= {Comput. Phys. Commun.},
  number	= {1},
  pages		= {11--20},
  title		= {{Efficient input-output model representations}},
  volume	= {117},
  year		= {1999}
}

@Article{	  Bastos:2009,
  author	= {Bastos, Leonardo S. and O'hagan, Anthony},
  doi		= {10.1198/TECH.2009.08019},
  journal	= {Technometrics},
  number	= {4},
  pages		= {425--438},
  title		= {{Diagnostics for gaussian process emulators}},
  volume	= {51},
  year		= {2009}
}

@TechReport{    Saltelli:2002,
  author  = {Saltelli, Andrea},
  booktitle = {Comput. Phys. Commun.},
  isbn    = {00104655/02},
  pages   = {280--297},
  title   = {{Making best use of model evaluations to compute
      sensitivity indices}},
  url   = {www.elsevier.com/locate/cpc},
  volume  = {145},
  year    = {2002}
}

@Article{   Archer:1997,
  author  = {Archer, G. E.B. and Saltelli, A. and Sobol, I. M.},
  doi   = {10.1080/00949659708811825},
  isbn    = {0094965970881},
  journal = {J. Stat. Comput. Simul.},
  number  = {2},
  pages   = {99--120},
  title   = {{Sensitivity measures, anova-like techniques and the use
      of bootstrap}},
  volume  = {58},
  year    = {1997}
}

@misc{Asme:2019,
title = {Assessing Credibility of Computational Modeling through Verification \& Validation},
url = {https://www.asme.org/codes-standards/find-codes-standards/v-v-40-assessing-credibility-computational-modeling-verification-validation-application-medical-devices},
journal = {ASME}
}


@article{Xi:2013,
title = {The estimation of patient-specific cardiac diastolic functions from clinical measurements},
journal = {Med. Image. Anal.},
volume = {17},
number = {2},
pages = {133--146},
year = {2013},
doi = {https://doi.org/10.1016/j.media.2012.08.001},
author = {Jiahe Xi and Pablo Lamata and Steven Niederer and Sander Land and Wenzhe Shi and Xiahai Zhuang and Sebastien Ourselin and Simon G. Duckett and Anoop K. Shetty and C. Aldo Rinaldi and Daniel Rueckert and Reza Razavi and Nic P. Smith}
}

@article{Johnstone:2016,
   Author="Johnstone, R. H.  and Chang, E. T. Y.  and Bardenet, R.  and de Boer, T. P.  and Gavaghan, D. J.  and Pathmanathan, P.  and Clayton, R. H.  and Mirams, G. R. ",
   Title="{{U}ncertainty and variability in models of the cardiac action potential: {C}an we build trustworthy models?}",
   Journal="J. Mol. Cell. Cardiol.",
   Year="2016",
   Volume="96",
   Pages="49--62",
   Month="07"
}

@Article{      Wymore:1997,
   author    = {Wymore, R. S.  and Gintant, G. A.  and Wymore, R. T.  and Dixon, J. E.  and McKinnon, D.  and Cohen, I. S. },
   doi       = {10.1161/01.res.80.2.261},
   journal   = {Circ. Res.},
   number    = {2},
   pages     = {261--268},
   title     = {{Tissue and species distribution of mRNA for the IKr-like K+ channel, erg}},
   volume    = {80},
   year      = {1997}
}

@misc{Li:2018,
  author = {Kelly Chang and Zhihua Li},
  title = {FDA/CiPA},
  year = {2018},
  publisher = {GitHub},
  journal = {GitHub repository},
  howpublished = {\url{https://github.com/FDA/CiPA/blob/Model-Validation-2018/AP_simulation/data/newCiPA.csv}}
}

@Article{   Kolar:1990,
  author  = {Kol{\'{a}}ř, F. and O{\v{s}}t'{\'{a}}dal, B. and
      Papou{\v{s}}ek, F.},
  doi   = {10.1007/BF01931488},
  journal = {Basic Res. Cardiol.},
  number  = {5},
  pages   = {429--434},
  title   = {{Effect of verapamil on contractile function of the
      isolated perfused rat heart during postnatal ontogeny}},
  volume  = {85},
  year    = {1990}
}

@InProceedings{    Salomon:2013,
  author="Salomon, Shaul and Avigad, Gideon and Goldvard, Alex and Sch{\"u}tze, Oliver",
  editor="Sch{\"u}tze, Oliver and Coello Coello, Carlos A. and Tantar, Alexandru-Adrian and Tantar, Emilia and Bouvry, Pascal and Del Moral, Pierre and Legrand, Pierrick",
  title="PSA -- A New Scalable Space Partition Based Selection Algorithm for MOEAs",
  booktitle="EVOLVE - A Bridge between Probability, Set Oriented Numerics, and Evolutionary Computation II",
  year="2013",
  publisher="Springer Berlin Heidelberg",
  address="Berlin, Heidelberg",
  pages="137--151",
  isbn="978-3-642-31519-0",
  doi="10.1007/978-3-642-31519-0_9"
}

@article{Pedregosa:2011,
 title={Scikit-learn: Machine Learning in {P}ython},
 author={Pedregosa, F. and Varoquaux, G. and Gramfort, A. and Michel, V.
         and Thirion, B. and Grisel, O. and Blondel, M. and Prettenhofer, P.
         and Weiss, R. and Dubourg, V. and Vanderplas, J. and Passos, A. and
         Cournapeau, D. and Brucher, M. and Perrot, M. and Duchesnay, E.},
 journal={Journal of Machine Learning Research},
 volume={12},
 pages={2825--2830},
 year={2011}
}

@misc{GPErks:2021,
  author = {Stefano Longobardi and Gianvito Taneburgo},
  title = {{G}{P}{E}rks: a {P}ython library to (bene)fit {G}aussian {P}rocess {E}mulators},
  year = {2021},
  publisher = {GitHub},
  journal = {GitHub repository},
  howpublished = {\url{https://github.com/stelong/GPErks}}
}

@misc{Gardner:2019,
      title={GPyTorch: Blackbox Matrix-Matrix Gaussian Process Inference with GPU Acceleration}, 
      author={Jacob R. Gardner and Geoff Pleiss and David Bindel and Kilian Q. Weinberger and Andrew Gordon Wilson},
      year={2019},
      eprint={1809.11165},
      archivePrefix={arXiv},
      primaryClass={cs.LG}
}

@Article{   Clayton:2011,
  author  = {Clayton, R. H. and Bernus, O. and Cherry, E. M. and
      Dierckx, H. and Fenton, F. H. and Mirabella, L. and
      Panfilov, A. V. and Sachse, F. B. and Seemann, G. and
      Zhang, H.},
  doi   = {10.1016/j.pbiomolbio.2010.05.008},
  journal = {Prog. Biophys. Mol. Biol.},
  number  = {1-3},
  pages   = {22--48},
  title   = {{Models of cardiac tissue electrophysiology: Progress,
      challenges and open questions}},
  volume  = {104},
  year    = {2011}
}


@Article{Noble:1960,
  author = {Noble, D.},
  doi = {10.1038/188495b0},
  journal = {Nature},
  pages = {495--497},
  title = {{Cardiac action and pacemaker potentials based on the Hodgkin-Huxley equations}},
  volume = {188},
  year = {1960}
}

@article{Noble:1962,
  author = {Noble, D.},
  title = {{A modification of the Hodgkin—Huxley equations applicable to Purkinje fibre action and pacemaker potentials}},
  journal = {The Journal of Physiology},
  volume = {160},
  number = {2},
  pages = {317--352},
  doi = {10.1113/jphysiol.1962.sp006849},
  year = {1962}
}


@book{Guyton:2021,
  address = {Philadelphia, PA},
  title = {{Guyton and Hall Textbook of Medical Physiology}},
  publisher = {Elsevier},
  edition = {14th Edition},
  isbn = {9780323597128},
  author = {Hall, John E. and Hall, Michael E.},
  year = {2021}
}



@Article{   Burkhoff:2005,
  author  = {Burkhoff, Daniel and Mirsky, Israel and Suga, Hiroyuki},
  doi   = {10.1152/ajpheart.00138.2005},
  journal = {Am. J. Physiol. - Hear. Circ. Physiol.},
  number  = {2 58-2},
  title   = {{Assessment of systolic and diastolic ventricular
      properties via pressure-volume analysis: A guide for
      clinical, translational, and basic researchers}},
  volume  = {289},
  year    = {2005}
}

@Article{   Chung:2016,
  author  = {Chung, Jae Hoon and Biesiadecki, Brandon J. and Ziolo,
      Mark T. and Davis, Jonathan P. and Janssen, Paul M.L.},
  doi   = {10.3389/fphys.2016.00562},
  journal = {Front. Physiol.},
  number  = {DEC},
  pages   = {1--9},
  title   = {{Myofilament calcium sensitivity: Role in regulation of in
      vivo cardiac contraction and relaxation}},
  volume  = {7},
  year    = {2016}
}


@Article{   Lee:2010,
  author  = {Lee, Eun Jeong and Peng, Jun and Radke, Michael and
      Gotthardt, Michael and Granzier, Henk L.},
  doi   = {10.1016/j.yjmcc.2010.05.006},
  journal = {J. Mol. Cell. Cardiol.},
  number  = {3},
  pages   = {449--458},
  title   = {{Calcium sensitivity and the Frank-Starling mechanism of
      the heart are increased in titin N2B region-deficient
      mice}},
  url   = {http://dx.doi.org/10.1016/j.yjmcc.2010.05.006},
  volume  = {49},
  year    = {2010}
}


@Article{   Shiels:2008,
  author  = {Shiels, Holly A. and White, Ed},
  doi   = {10.1242/jeb.003145},
  journal = {J. Exp. Biol.},
  number  = {13},
  pages   = {2005--2013},
  title   = {{The Frank-Starling mechanism in vertebrate cardiac
      myocytes}},
  volume  = {211},
  year    = {2008}
}

@Article{   Shiner:1984,
  author  = {Shiner, J. S. and Solaro, R. J.},
  doi   = {10.1016/S0006-3495(84)84051-5},
  journal = {Biophys. J.},
  number  = {4},
  pages   = {541--543},
  title   = {{The hill coefficient for the Ca2+-activation of striated
      muscle contraction}},
  url   = {http://dx.doi.org/10.1016/S0006-3495(84)84051-5},
  volume  = {46},
  year    = {1984}
}

@Article{   Solaro:1998,
  author  = {Solaro, R. John and Rarick, Helen M.},
  doi   = {10.1161/01.RES.83.5.471},
  journal = {Circ. Res.},
  number  = {5},
  pages   = {471--480},
  title   = {{Troponin and tropomyosin: Proteins that switch on and
      tune in the activity of cardiac myofilaments}},
  volume  = {83},
  year    = {1998}
}

@Article{   Tombe:2010,
  author  = {de Tombe, Pieter P. and Mateja, Ryan D. and Tachampa,
      Kittipong and Mou, Younss Ait and Farman, Gerrie P. and
      Irving, Thomas C.},
  doi   = {10.1016/j.yjmcc.2009.12.017},
  journal = {J. Mol. Cell. Cardiol.},
  number  = {5},
  pages   = {851--858},
  title   = {{Myofilament length dependent activation}},
  volume  = {48},
  year    = {2010}
}

@Article{   Val-Blasco:2021,
  author  = {Val-Blasco, Almudena and Gil-Fern{\'{a}}ndez, Marta and
      Rueda, Ang{\'{e}}lica and Pereira, Laetitia and Delgado,
      Carmen and Smani, Tarik and {Ruiz Hurtado}, Gema and
      Fern{\'{a}}ndez-Velasco, Maria},
  doi   = {10.1111/apha.13691},
  journal = {Acta Physiol.},
  number  = {3},
  pages   = {1--24},
  title   = {{Ca2+ mishandling in heart failure: Potential targets}},
  volume  = {232},
  year    = {2021}
}

@Article{   Walker:2010,
  author  = {Walker, John S. and Li, Xiaotao and Buttrick, Peter M.},
  doi   = {10.1007/s10974-010-9208-7},
  journal = {J. Muscle Res. Cell Motil.},
  number  = {1},
  pages   = {59--69},
  title   = {{Analysing force-pCa curves}},
  volume  = {31},
  year    = {2010}
}

@Article{   Zanolla:2003,
  author  = {Zanolla, Luisa and Zardini, Piero},
  doi   = {10.1016/S1388-9842(03)00101-6},
  journal = {Eur. J. Heart Fail.},
  number  = {6},
  pages   = {717--723},
  title   = {{Selection of endpoints for heart failure clinical
      trials}},
  volume  = {5},
  year    = {2003}
}


@Article{   Debska-Kozlowska:2021,
  author  = {D{\c{e}}bska-Koz{\l}owska, Agnieszka and
      Ksi{\c{a}}{\.{z}}czyk, Marcin and Lelonek, Ma{\l}gorzata},
  doi   = {10.1007/s10741-021-10120-x},
  isbn    = {0123456789},
  journal = {Heart Fail. Rev.},
  number  = {0123456789},
  title   = {{Where are we in 2021 with heart failure with reduced
      ejection fraction?—current outlook and expectations from
      new promising clinical trials}},
  url   = {https://doi.org/10.1007/s10741-021-10120-x},
  year    = {2021}
}

@Article{   FDA:2019,
  author  = {FDA},
  journal = {Guid. Ind.},
  number  = {June},
  title   = {{Treatment for heart failure: endpoints for drug
      development}},
  year    = {2019}
}

@Article{   Fiuzat:2020,
  author  = {Fiuzat, Mona and Lowy, Naomi and Stockbridge, Norman and
      Sbolli, Marco and Latta, Federica and Lindenfeld, Jo Ann
      and Lewis, Eldrin F. and Abraham, William T. and Teerlink,
      John and Walsh, Mary and Heidenreich, Paul and Bozkurt,
      Biykem and Starling, Randall C. and Solomon, Scott and
      Felker, G. Michael and Butler, Javed and Yancy, Clyde and
      Stevenson, Lynne W. and O'Connor, Christopher and Unger,
      Ellis and Temple, Robert and McMurray, John},
  doi   = {10.1016/j.jchf.2019.12.011},
  journal = {JACC Hear. Fail.},
  number  = {6},
  pages   = {429--440},
  title   = {{Endpoints in Heart Failure Drug Development: History and
      Future}},
  volume  = {8},
  year    = {2020}
}

@Article{   Teerlink:2016,
  author  = {Teerlink, John R. and Felker, G. Michael and McMurray,
      John J.V. and Solomon, Scott D. and Adams, Kirkwood F. and
      Cleland, John G.F. and Ezekowitz, Justin A. and Goudev,
      Assen and Macdonald, Peter and Metra, Marco and Mitrovic,
      Veselin and Ponikowski, Piotr and Serpytis, Pranas and
      Spinar, Jindrich and Tomcs{\'{a}}nyi, J{\'{a}}nos and
      Vandekerckhove, Hans J. and Voors, Adriaan A. and Monsalvo,
      Maria Laura and Johnston, James and Malik, Fady I. and
      Honarpour, Narimon},
  doi   = {10.1016/S0140-6736(16)32049-9},
  journal = {Lancet},
  number  = {10062},
  pages   = {2895--2903},
  title   = {{Chronic Oral Study of Myosin Activation to Increase
      Contractility in Heart Failure (COSMIC-HF): a phase 2,
      pharmacokinetic, randomised, placebo-controlled trial}},
  volume  = {388},
  year    = {2016}
}

@Article{   Tsukamoto:2020,
  author  = {Tsukamoto, Osamu},
  doi   = {10.3390/ijms21010226},
  journal = {Int. J. Mol. Sci.},
  number  = {1},
  title   = {{Direct sarcomere modulators are promising new treatments
      for cardiomyopathies}},
  volume  = {21},
  year    = {2020}
}


@misc{Bhf:2021,
  title = {{Bhf.org.uk. (2021). {H}eart and Circulatory Diseases Statistics 2021}},
  howpublished = "\url{https://www.bhf.org.uk/what-we-do/our-research/heart-statistics/heart-statistics-publications/cardiovascular-disease-statistics-2021}",
  note = {Accessed 4th October 2021}
}


@Article{   Olivotto:2020,
  author  = {Olivotto, Iacopo and Oreziak, Artur and Barriales-Villa,
      Roberto and Abraham, Theodore P. and Masri, Ahmad and
      Garcia-Pavia, Pablo and Saberi, Sara and Lakdawala, Neal K.
      and Wheeler, Matthew T. and Owens, Anjali and Kubanek,
      Milos and Wojakowski, Wojciech and Jensen, Morten K. and
      Gimeno-Blanes, Juan and Afshar, Kia and Myers, Jonathan and
      Hegde, Sheila M. and Solomon, Scott D. and Sehnert, Amy J.
      and Zhang, David and Li, Wanying and Bhattacharya, Mondira
      and Edelberg, Jay M. and Waldman, Cynthia Burstein and
      Lester, Steven J. and Wang, Andrew and Ho, Carolyn Y. and
      Jacoby, Daniel and Bartunek, Jozef and Bondue, Antoine and
      {Van Craenenbroeck}, Emeline and Zemanek, David and Jensen,
      Morten and Mogensen, Jens and Thune, Jens Jakob and
      Charron, Philippe and Hagege, Albert and Lairez, Olivier
      and Trochu, Jean No{\"{e}}l and Axthelm, Christoph and
      Duengen, Hans Dirk and Frey, Norbert and Mitrovic, Veselin
      and Preusch, Michael and Schulz-Menger, Jeanette and
      Seidler, Tim and Arad, Michael and Halabi, Majdi and Katz,
      Amos and Monakier, Daniel and Paz, Offir and Viskin, Samuel
      and Zwas, Donna and {Brunner-La Rocca}, Hans Peter and
      Michels, Michelle and Dudek, Dariusz and Oko-Sarnowska,
      Zofia and Cardim, Nuno and Pereira, Helder and
      {Garc{\'{i}}a Pavia}, Pablo and {Gimeno Blanes}, Juan and
      {Hidalgo Urbano}, Rafael and {Rinc{\'{o}}n Diaz}, Luis
      Miguel and Elliott, Perry and Yousef, Zaheer and Abraham,
      Theodore and Alvarez, Paulino and Bach, Richard and Becker,
      Richard and Choudhury, Lubna and Fermin, David and
      Jefferies, John and Kramer, Christopher and Lakdawala, Neal
      and Lester, Steven and Marian, Ali and Maurer, Mathew and
      Nagueh, Sherif and Owens, David and Rader, Florian and
      Sherrid, Mark and Shirani, Jamshid and Symanski, John and
      Turer, Aslan and Wever-Pinzon, Omar and Wong, Timothy and
      Yamani, Mohamad},
  doi   = {10.1016/S0140-6736(20)31792-X},
  journal = {Lancet},
  number  = {10253},
  pages   = {759--769},
  title   = {{Mavacamten for treatment of symptomatic obstructive
      hypertrophic cardiomyopathy (EXPLORER-HCM): a randomised,
      double-blind, placebo-controlled, phase 3 trial}},
  volume  = {396},
  year    = {2020}
}


@Article{   Awinda:2021,
  author  = {Awinda, Peter O. and Watanabe, Marissa and Bishaw,
      Yemeserach and Huckabee, Anna M. and Agonias, Keinan B. and
      Kazmierczak, Katarzyna and Szczesna-Cordary, Danuta and
      Tanner, Bertrand C.W.},
  doi   = {10.1152/AJPHEART.00345.2020},
  journal = {Am. J. Physiol. - Hear. Circ. Physiol.},
  number  = {2},
  pages   = {H881--H890},
  title   = {{Mavacamten decreases maximal force and Ca2þ sensitivity
      in the N47K-myosin regulatory light chain mouse model of
      hypertrophic cardiomyopathy}},
  volume  = {320},
  year    = {2021}
}

@Article{   Mamidi:2018,
  author  = {Mamidi, Ranganath and Li, Jiayang and Doh, Chang Yoon and
      Verma, Sujeet and Stelzer, Julian E.},
  doi   = {10.1161/JAHA.118.009627},
  journal = {J. Am. Heart Assoc.},
  number  = {17},
  pages   = {1--15},
  title   = {{Impact of the myosin modulator mavacamten on force
      generation and cross-bridge behavior in a murine model of
      hypercontractility}},
  volume  = {7},
  year    = {2018}
}

@Article{   Sparrow:2020,
  author  = {Sparrow, Alexander J. and Watkins, Hugh and Daniels,
      Matthew J. and Redwood, Charles and Robinson, Paul},
  doi   = {10.1152/ajpheart.00023.2020},
  journal = {Am. J. Physiol. Heart Circ. Physiol.},
  number  = {3},
  pages   = {H715--H722},
  title   = {{Mavacamten rescues increased myofilament calcium
      sensitivity and dysregulation of Ca2+ flux caused by thin
      filament hypertrophic cardiomyopathy mutations}},
  volume  = {318},
  year    = {2020}
}

@Article{   Bai:2013,
  author  = {Bai, Fan and Caster, Hannah M. and Pinto, Jose R. and
      Kawai, Masataka},
  doi   = {10.1016/j.bpj.2013.04.001},
  journal = {Biophys. J.},
  number  = {9},
  pages   = {1979--1988},
  title   = {{Analysis of the molecular pathogenesis of
      cardiomyopathy-causing cTnT mutants I79N, $\Delta$e96, and
      $\Delta$k210}},
  volume  = {104},
  year    = {2013}
}

@Article{   Groen:2020,
  author  = {Groen, Marcel and L{\'{o}}pez-D{\'{a}}vila, Alfredo Jesus
      and Zittrich, Stefan and Pfitzer, Gabriele and Stehle,
      Robert},
  doi   = {10.3389/fphys.2020.00516},
  journal = {Front. Physiol.},
  number  = {June},
  pages   = {1--9},
  title   = {{Hypertrophic and Dilated Cardiomyopathy-Associated
      Troponin T Mutations R130C and $\Delta$K210 Oppositely
      Affect Length-Dependent Calcium Sensitivity of Force
      Generation}},
  volume  = {11},
  year    = {2020}
}

@Article{   Harris:2002,
  author  = {Harris, Samantha P. and Bartley, Christopher R. and
      Hacker, Timothy A. and McDonald, Kerry S. and Douglas,
      Pamela S. and Greaser, Marion L. and Powers, Patricia A.
      and Moss, Richard L.},
  doi   = {10.1161/01.RES.0000012222.70819.64},
  journal = {Circ. Res.},
  number  = {5},
  pages   = {594--601},
  title   = {{Hypertrophic cardiomyopathy in cardiac myosin binding
      protein-C knockout mice}},
  volume  = {90},
  year    = {2002}
}

@Article{   Kirschner:2005,
  author  = {Kirschner, Sebastian E. and Becker, Edgar and Antognozzi,
      Massimo and Kubis, Hans Peter and Francino, Antonio and
      Navarro-L{\'{o}}pez, Francisco and Bit-Avragim, Nana and
      Perrot, Andreas and Mirrakhimov, Mirsaid M. and Osterziel,
      Karl Josef and McKenna, William J. and Brenner, Bernhard
      and Kraft, Theresia},
  doi   = {10.1152/ajpheart.00686.2004},
  journal = {Am. J. Physiol. - Hear. Circ. Physiol.},
  number  = {3 57-3},
  pages   = {1242--1251},
  title   = {{Hypertrophic cardiomyopathy-related $\beta$-myosin
      mutations cause highly variable calcium sensitivity with
      functional imbalances among individual muscle cells}},
  volume  = {288},
  year    = {2005}
}

@Article{   Michael:2016,
  author  = {Michael, John Jeshurun and Gollapudi, Sampath K. and
      Chandra, Murali},
  doi   = {10.1007/s10974-016-9448-2},
  journal = {J. Muscle Res. Cell Motil.},
  number  = {3},
  pages   = {83--93},
  title   = {{Interplay between the effects of a Protein Kinase C
      phosphomimic (T204E) and a dilated cardiomyopathy mutation
      (K211$\Delta$ or R206W) in rat cardiac troponin T blunts
      the magnitude of muscle length-mediated crossbridge
      recruitment against the $\beta$-myosin heavy cha}},
  volume  = {37},
  year    = {2016}
}

@Article{   Planelles-Herrero:2017,
  author  = {Planelles-Herrero, Vicente J. and Hartman, James J. and
      Robert-Paganin, Julien and Malik, Fady I. and Houdusse,
      Anne},
  doi   = {10.1038/s41467-017-00176-5},
  journal = {Nat. Commun.},
  number  = {1},
  pages   = {1--10},
  title   = {{Mechanistic and structural basis for activation of
      cardiac myosin force production by omecamtiv mecarbil}},
  url   = {http://dx.doi.org/10.1038/s41467-017-00176-5},
  volume  = {8},
  year    = {2017}
}

@Article{   Patel:2019,
  author  = {Patel, Ravi B. and Shah, Sanjiv J.},
  doi   = {10.1146/annurev-pharmtox-010818-021136},
  journal = {Annu. Rev. Pharmacol. Toxicol.},
  pages   = {41--63},
  title   = {{Drug targets for heart failure with preserved ejection
      fraction: A mechanistic approach and review of contemporary
      clinical trials}},
  volume  = {59},
  year    = {2019}
}

@Article{   Cleland:2014,
  author  = {Cleland, John G.F. and Pellicori, Pierpaolo and Dierckx,
      Riet},
  doi   = {10.1016/j.hfc.2014.04.011},
  journal = {Heart Fail. Clin.},
  number  = {3},
  pages   = {511--523},
  title   = {{Clinical Trials in Patients with Heart Failure and
      Preserved Left Ventricular Ejection Fraction}},
  url   = {http://dx.doi.org/10.1016/j.hfc.2014.04.011},
  volume  = {10},
  year    = {2014}
}

@Article{   Green:2016,
  author  = {Green, Eric M. and Wakimoto, Hiroko and Anderson, Robert
      L. and Evanchik, Marc J. and Gorham, Joshua M. and
      Harrison, Brooke C. and Henze, Marcus and Kawas, Raja and
      Oslob, Johan D. and Rodriguez, Hector M. and Song, Yonghong
      and Wan, William and Leinwand, Leslie A. and Spudich, James
      A. and McDowell, Robert S. and Seidman, J. G. and Seidman,
      Christine E.},
  doi   = {10.1126/science.aad3456},
  journal = {Science.},
  number  = {6273},
  pages   = {617--621},
  title   = {{Heart disease: A small-molecule inhibitor of sarcomere
      contractility suppresses hypertrophic cardiomyopathy in
      mice}},
  volume  = {351},
  year    = {2016}
}

@Article{   Marrel:2008,
  archiveprefix = {arXiv},
  arxivid = {0802.1099},
  author  = {Marrel, Amandine and Iooss, Bertrand and {Van Dorpe},
      Fran{\c{c}}ois and Volkova, Elena},
  doi   = {10.1016/j.csda.2008.03.026},
  eprint  = {0802.1099},
  journal = {Comput. Stat. Data Anal.},
  number  = {10},
  pages   = {4731--4744},
  title   = {{An efficient methodology for modeling complex computer
      codes with Gaussian processes}},
  volume  = {52},
  year    = {2008}
}

@Article{   Marrel:2009,
  archiveprefix = {arXiv},
  arxivid = {0802.1008},
  author  = {Marrel, Amandine and Iooss, Bertrand and Laurent,
      B{\'{e}}atrice and Roustant, Olivier},
  doi   = {10.1016/j.ress.2008.07.008},
  eprint  = {0802.1008},
  journal = {Reliab. Eng. Syst. Saf.},
  number  = {3},
  pages   = {742--751},
  title   = {{Calculations of Sobol indices for the Gaussian process
      metamodel}},
  volume  = {94},
  year    = {2009}
}

@InProceedings{Ishigami:1990,
  author={Ishigami, T. and Homma, T.},
  booktitle={[1990] Proceedings. First International Symposium on Uncertainty Modeling and Analysis},   title={An importance quantification technique in uncertainty analysis for computer models},
  year={1990},
  volume={},
  number={},
  pages={398--403},
  doi={10.1109/ISUMA.1990.151285}
}

@inbook{Saltelli:2007,
  author = {Saltelli, Andrea and Ratto, Marco and Andres, Terry and Campolongo, Francesca and Cariboni, Jessica and Gatelli, Debora and Saisana, Michaela and Tarantola, Stefano},
  publisher = {John Wiley \& Sons, Ltd},
  isbn = {9780470725184},
  title = {{Variance-Based Methods}},
  booktitle = {Global Sensitivity Analysis. The Primer},
  chapter = {4},
  pages = {155--182},
  doi = {https://doi.org/10.1002/9780470725184.ch4},
  year = {2007}
}

@article{Sobol:1967,
  title = {On the distribution of points in a cube and the approximate evaluation of integrals},
  journal = {USSR Computational Mathematics and Mathematical Physics},
  volume = {7},
  number = {4},
  pages = {86--112},
  year = {1967},
  doi = {https://doi.org/10.1016/0041-5553(67)90144-9},
  author = {I.M Sobol'}
}

@book{Rasmussen:2006,
  author = {Rasmussen, Carl Edward and Williams, Christopher K. I.},
  isbn = {026218253X},
  pages = {I-XVIII, 1--248},
  publisher = {MIT Press},
  series = {Adaptive computation and machine learning},
  timestamp = {2020-07-24T00:45:17.000+0200},
  title = {Gaussian processes for machine learning},
  year = {2006}
}


@article{Iman:1981,
  author = {Ronald L. Iman and Jon C. Helton and James E. Campbell},
  title = {{An Approach to Sensitivity Analysis of Computer Models: Part I—Introduction, Input Variable Selection and Preliminary Variable Assessment}},
  journal = {Journal of Quality Technology},
  volume = {13},
  number = {3},
  pages = {174--183},
  year  = {1981},
  publisher = {Taylor & Francis},
  doi = {10.1080/00224065.1981.11978748}
}

@article{Sobol:2003,
  title={Theorems and examples on high dimensional model representation},
  author={Ilya M. Sobol},
  journal={Reliab. Eng. Syst. Saf.},
  year={2003},
  volume={79},
  pages={187--193}
}

@article{Ruder:2016,
  author    = {Sebastian Ruder},
  title     = {An overview of gradient descent optimization algorithms},
  journal   = {CoRR},
  volume    = {abs/1609.04747},
  year      = {2016},
  url       = {http://arxiv.org/abs/1609.04747}
}


@article{Jansen:1999,
  title = {Analysis of variance designs for model output},
  journal = {Computer Physics Communications},
  volume = {117},
  number = {1},
  pages = {35--43},
  year = {1999},
  doi = {https://doi.org/10.1016/S0010-4655(98)00154-4},
  author = {Michiel J.W. Jansen}
}

@article{Lamontagne:1989,
  author = {Lamontagne, D. and Rochette, L. and Vermeulen, M. and Yamaguchi, N. and Nadeau, R. and De Champlain, J.},
  title = {{Effect of sotalol against reperfusion-induced arrhythmias in Sprague-Dawley and Wistar rats}},
  journal = {Fundamental \& Clinical Pharmacology},
  volume = {3},
  number = {6},
  pages = {671--685},
  doi = {https://doi.org/10.1111/j.1472-8206.1989.tb00468.x},
  year = {1989}
}


@Article{   Low:1982,
  author  = {Low, Reginald I. and Takeda, Patricia and Mason, Dean T.
      and DeMaria, Anthony N.},
  doi   = {10.1016/S0002-9149(82)80010-6},
  journal = {Am. J. Cardiol.},
  number  = {3},
  pages   = {547--553},
  title   = {{The effects of calcium channel blocking agents on
      cardiovascular function}},
  volume  = {49},
  year    = {1982}
}

@Article{   Fernandez-Chas:2018,
  author  = {Fernandez-Chas, M. and Curtis, M. J. and Niederer, S. A.},
  doi   = {10.1111/bph.14104},
  journal = {Br. J. Pharmacol.},
  number  = {5},
  pages   = {763--781},
  title   = {{Mechanism of doxorubicin cardiotoxicity evaluated by
      integrating multiple molecular effects into a biophysical
      model}},
  volume  = {175},
  year    = {2018}
}

@Article{   Binggeli:2002,
  author  = {Binggeli, Christian and Corti, Roberto and Sudano,
      Isabella and Luscher, Thomas F. and Noll, Georg},
  doi   = {10.1161/01.HYP.0000013264.41234.24},
  journal = {Hypertension},
  number  = {4},
  pages   = {892--896},
  title   = {{Effects of chronic calcium channel blockade on
      sympathetic nerve activity in hypertension}},
  volume  = {39},
  year    = {2002}
}

@Article{   Cockayne:2019,
  archiveprefix = {arXiv},
  arxivid = {1702.03673},
  author  = {Cockayne, Jon and Oates, Chris J. and Sullivan, T. J. and
      Girolami, Mark},
  doi   = {10.1137/17M1139357},
  eprint  = {1702.03673},
  journal = {SIAM Rev.},
  number  = {4},
  pages   = {756--789},
  title   = {{Bayesian probabilistic numerical methods}},
  volume  = {61},
  year    = {2019}
}

@Article{   Fisher:2019,
  archiveprefix = {arXiv},
  arxivid = {1910.02995},
  author  = {Fisher, Matthew A and Oates, Chris J and Powell, Catherine
      and Teckentrup, Aretha},
  eprint  = {1910.02995},
  number  = {1},
  pages   = {1--47},
  title   = {{A Locally Adaptive Bayesian Cubature Method}},
  url   = {http://arxiv.org/abs/1910.02995},
  year    = {2019}
}

@Article{   Hennig:2015,
  archiveprefix = {arXiv},
  arxivid = {1506.01326},
  author  = {Hennig, Philipp and Osborne, Michael A. and Girolami,
      Mark},
  doi   = {10.1098/rspa.2015.0142},
  eprint  = {1506.01326},
  journal = {Proc. R. Soc. A Math. Phys. Eng. Sci.},
  number  = {2179},
  title   = {{Probabilistic numerics and uncertainty in computations}},
  volume  = {471},
  year    = {2015}
}

@Article{   Oates:2017,
  archiveprefix = {arXiv},
  arxivid = {1606.06841},
  author  = {Oates, Chris J. and Niederer, Steven and Lee, Angela and
      Briol, Fran{\c{c}}ois Xavier and Girolami, Mark},
  eprint  = {1606.06841},
  journal = {Adv. Neural Inf. Process. Syst.},
  number  = {1},
  pages   = {110--118},
  title   = {{Probabilistic models for integration error in the
      assessment of functional cardiac models}},
  volume  = {2017-Decem},
  year    = {2017}
}

@Article{   Campos:2020,
  author  = {Campos, J. O. and Sundnes, J. and {Dos Santos}, R. W. and
      Rocha, B. M.},
  doi   = {10.1098/rsta.2019.0381},
  isbn    = {0000000205},
  journal = {Philos. Trans. R. Soc. A Math. Phys. Eng. Sci.},
  number  = {2173},
  title   = {{Uncertainty quantification and sensitivity analysis of
      left ventricular function during the full cardiac cycle: UQ
      and SA in cardiac mechanics}},
  volume  = {378},
  year    = {2020}
}



@Article{   An:2019,
  author  = {An, Shimin and Gilani, Nimra and Huang, Yuan and Muncan,
      Adam and Zhang, Youhua and Tang, Yi Da and Gerdes, A.
      Martin and Ojamaa, Kaie},
  doi   = {10.1186/s10020-019-0120-3},
  journal = {Mol. Med.},
  number  = {1},
  pages   = {1--14},
  title   = {{Adverse transverse-tubule remodeling in a rat model of
      heart failure is attenuated with low-dose triiodothyronine
      treatment}},
  volume  = {25},
  year    = {2019}
}

@Article{   Berni:2009,
  author  = {Berni, Roberta and Savi, Monia and Bocchi, Leonardo and
      Delucchi, Francesca and Musso, Ezio and Chaponnier,
      Christine and Gabbiani, Giulio and Clement, Sophie and
      Stilli, Donatella},
  doi   = {10.1152/ajpheart.01057.2008},
  journal = {Am. J. Physiol. - Hear. Circ. Physiol.},
  number  = {5},
  pages   = {1625--1632},
  title   = {{Modulation of actin isoform expression before the
      transition from experimental compensated pressure-overload
      cardiac hypertrophy to decompensation}},
  volume  = {296},
  year    = {2009}
}

@Article{   Bode:2020,
  author  = {Bode, David and Wen, Yan and Hegemann, Niklas and
      Primessnig, Uwe and Parwani, Abdul and Boldt, Leif Hendrik
      and Pieske, Burkert M. and Heinzel, Frank R. and
      Hohendanner, Felix},
  doi   = {10.3390/antiox9090860},
  isbn    = {4930450659},
  journal = {Antioxidants},
  number  = {9},
  pages   = {1--13},
  title   = {{Oxidative stress and inflammatory modulation of Ca2+
      handling in metabolic HFPEF-related left atrial
      cardiomyopathy}},
  volume  = {9},
  year    = {2020}
}

@Article{   Bode:2021,
  author  = {Bode, David and Semmler, Lukas and Wakula, Paulina and
      Hegemann, Niklas and Primessnig, Uwe and Beindorff, Nicola
      and Powell, David and Dahmen, Raphael and Ruetten, Hartmut
      and Oeing, Christian and Alogna, Alessio and Messroghli,
      Daniel and Pieske, Burkert M. and Heinzel, Frank R. and
      Hohendanner, Felix},
  doi   = {10.1186/s12933-020-01208-z},
  journal = {Cardiovasc. Diabetol.},
  number  = {1},
  pages   = {1--14},
  title   = {{Dual SGLT-1 and SGLT-2 inhibition improves left atrial
      dysfunction in HFpEF}},
  url   = {https://doi.org/10.1186/s12933-020-01208-z},
  volume  = {20},
  year    = {2021}
}

@Article{   Call:1998,
  author  = {Call, Eileen M C and Ginsburg, Kenneth S and Bassani,
      Rosana a and Shannon, Thomas R and Qi, Ming and Samarel,
      Allen M and Bers, Donald M and A, Rosana and Sa-, Allen M},
  journal = {Test},
  title   = {{Coupling in Hypertrophic Rat Ventricular Myocytes}},
  year    = {1998}
}

@Article{   Chang:1997,
  author  = {Chang, Kevin C. and Figueredo, Vincent M. and Schreur,
      Joop H.M. and Kariya, Ken Ichi and Weiner, Michael W. and
      Simpson, Paul C. and Camacho, S. Albert},
  doi   = {10.1172/JCI119699},
  journal = {J. Clin. Invest.},
  number  = {7},
  pages   = {1742--1749},
  title   = {{Thyroid hormone improves function and Ca2+ handling in
      pressure overload hypertrophy. Association with increased
      sarcoplasmic reticulum Ca2+-ATPase and $\alpha$-myosin
      heavy chain in rat hearts}},
  volume  = {100},
  year    = {1997}
}

@Article{   Chen:2020,
  author  = {Chen, Hui Hua and Wang, Si Ning and Cao, Tong Tong and
      Zheng, Jia Li and Tian, Jing and Shan, Xiao Li and Zhao,
      Pei and Guo, Wei and Xu, Ming and Zhang, Chen and Lu,
      Rong},
  doi   = {10.1016/j.jep.2019.112306},
  isbn    = {0000007102},
  journal = {J. Ethnopharmacol.},
  number  = {October 2019},
  pages   = {112306},
  title   = {{Stachydrine hydrochloride alleviates pressure
      overload-induced heart failure and calcium mishandling on
      mice}},
  url   = {https://doi.org/10.1016/j.jep.2019.112306},
  volume  = {248},
  year    = {2020}
}

@Article{   Curl:2018,
  author  = {Curl, Claire L. and Danes, Vennetia R. and Bell, James R.
      and Raaijmakers, Antonia J.A. and Ip, Wendy T.K. and
      Chandramouli, Chanchal and Harding, Tristan W. and
      Porrello, Enzo R. and Erickson, Jeffrey R. and Charchar,
      Fadi J. and Kompa, Andrew R. and Edgley, Amanda J. and
      Crossman, David J. and Soeller, Christian and Mellor,
      Kimberley M. and Kalman, Jonathan M. and Harrap, Stephen B.
      and Delbridge, Lea M.D.},
  doi   = {10.1161/JAHA.117.007451},
  journal = {J. Am. Heart Assoc.},
  number  = {11},
  title   = {{Cardiomyocyte functional etiology in heart failure with
      preserved ejection fraction is distinctive-a new
      preclinical model}},
  volume  = {7},
  year    = {2018}
}





@Article{   Hu:2011,
  author  = {Hu, Shu Ting and Tang, Ying and Shen, Ya Feng and Ao, Hai
      Hang and Bai, Jie and Wang, Yong Liang and Yang, Yong Ji},
  doi   = {10.1007/s12576-011-0154-y},
  journal = {J. Physiol. Sci.},
  number  = {5},
  pages   = {363--372},
  title   = {{Protective effect of oxymatrine on chronic rat heart
      failure}},
  volume  = {61},
  year    = {2011}
}

@Article{   Ito:1997,
  author  = {Ito, Nobuhiko and Kagaya, Yutaka and Weinberg, Ellen O.
      and Barry, William H. and Lorell, Beverly H.},
  doi   = {10.1172/JCI119123},
  journal = {J. Clin. Invest.},
  number  = {1},
  pages   = {125--135},
  title   = {{Endothelin and angiotensin II stimulation of Na+-H+
      exchange is impaired in cardiac hypertrophy}},
  volume  = {99},
  year    = {1997}
}

@Article{   Kagaya:1995,
  author  = {Kagaya, Yutaka and Weinberg, Ellen O. and Ito, Nobuhiko
      and Mochizuki, Takatoshi and Barry, William H. and Lorell,
      Beverly H.},
  doi   = {10.1172/JCI117980},
  isbn    = {6176672686},
  journal = {J. Clin. Invest.},
  number  = {6},
  pages   = {2766--2776},
  title   = {{Glycolytic inhibition: Effects on diastolic relaxation
      and intracellular calcium handling in hypertrophied rat
      ventricular myocytes}},
  volume  = {95},
  year    = {1995}
}

@Article{   Kagaya:1996,
  author  = {Kagaya, Yutaka and Hajjar, Roger J. and Gwathmey, Judith
      K. and Barry, William H. and Lorell, Beverly H.},
  doi   = {10.1161/01.CIR.94.11.2915},
  journal = {Circulation},
  number  = {11},
  pages   = {2915--2922},
  title   = {{Long-term angiotensin-converting enzyme inhibition with
      fosinopril improves depressed responsiveness to Ca2+ in
      myocytes from aortic-banded rats}},
  volume  = {94},
  year    = {1996}
}

@Article{   Kennedy:2003,
  author  = {Kennedy, David and Omran, Eiad and Periyasamy, Sankaridrug
      M. and Nadoor, Jalaa and Priyadarshi, Anumeet and Willey,
      James C. and Malhotra, Deepak and Xie, Zijian and Shapiro,
      Joseph I.},
  doi   = {10.1097/01.ASN.0000037403.95126.03},
  journal = {J. Am. Soc. Nephrol.},
  number  = {1},
  pages   = {90--97},
  title   = {{Effect of chronic renal failure on cardiac contractile
      function, calcium cycling, and gene expression of proteins
      important for calcium homeostasis in the rat}},
  volume  = {14},
  year    = {2003}
}

@Article{   Kilfoil:2020,
  author  = {Kilfoil, Peter J. and Lotteau, Sabine and Zhang, Rui and
      Yue, Xin and Aynaszyan, Stephan and Solymani, Ryan E. and
      Cingolani, Eugenio and Marb{\'{a}}n, Eduardo and Goldhaber,
      Joshua I.},
  doi   = {10.1113/JP280425},
  journal = {J. Physiol.},
  number  = {22},
  pages   = {5091--5108},
  title   = {{Distinct features of calcium handling and
      $\beta$-adrenergic sensitivity in heart failure with
      preserved versus reduced ejection fraction}},
  volume  = {598},
  year    = {2020}
}

@Article{   Kim:2017,
  author  = {Kim, Tae Yun and Terentyeva, Radmila and Roder, Karim H.F.
      and Li, Weiyan and Liu, Man and Greener, Ian and Hamilton,
      Shanna and Polina, Iuliia and Murphy, Kevin R. and
      Clements, Richard T. and Dudley, Samuel C. and Koren,
      Gideon and Choi, Bum Rak and Terentyev, Dmitry},
  doi   = {10.1093/cvr/cvx005},
  journal = {Cardiovasc. Res.},
  number  = {3},
  pages   = {343--353},
  title   = {{SK channel enhancers attenuate Ca2+-dependent arrhythmia
      in hypertrophic hearts by regulating mito-ROS-dependent
      oxidation and activity of RyR}},
  volume  = {113},
  year    = {2017}
}

@Article{   Loennechen:2002,
  author  = {Loennechen, J. P. and Wisl{\o}ff, U. and Falck, G. and
      Ellingsen},
  doi   = {10.1046/j.1365-201X.2002.01011.x},
  journal = {Acta Physiol. Scand.},
  number  = {1},
  pages   = {17--26},
  title   = {{Cardiomyocyte contractility and calcium handling
      partially recover after early deterioration during
      post-infarction failure in rat}},
  volume  = {176},
  year    = {2002}
}

@Article{   Loennechen:2002*a,
  author  = {Loennechen, Jan P. and Wisl{\o}ff, Ulrik and Falck, Geir
      and Ellingsen, {\O}yvind},
  doi   = {10.1161/hc1102.105258},
  journal = {Circulation},
  number  = {11},
  pages   = {1380--1386},
  title   = {{Effects of cariporide and losartan on hypertrophy,
      calcium transients, contractility, and gene expression in
      congestive heart failure}},
  volume  = {105},
  year    = {2002}
}

@Article{   Lyon:2009,
  author  = {Lyon, Alexander R. and MacLeod, Ken T. and Zhang, Yanjun
      and Garcia, Edwin and Kanda, Gaelle Kikonda and Lab, Max J.
      and Korchev, Yuri E. and Harding, Sian E. and Gorelik,
      Julia},
  doi   = {10.1073/pnas.0809777106},
  journal = {Proc. Natl. Acad. Sci. U. S. A.},
  number  = {16},
  pages   = {6854--6859},
  title   = {{Loss of T-tubules and other changes to surface topography
      in ventricular myocytes from failing human and rat heart}},
  volume  = {106},
  year    = {2009}
}

@Article{   Lyon:2011,
  author  = {Lyon, Alexander R. and Bannister, Mark L. and Collins, Tom
      and Pearce, Emma and Sepehripour, Amir H. and Dubb,
      Sukhpreet S. and Garcia, Edwin and O'Gara, Peter and Liang,
      Lifan and Kohlbrenner, Erik and Hajjar, Roger J. and
      Peters, Nicholas S. and Poole-Wilson, Philip A. and
      Macleod, Ken T. and Harding, Sian E.},
  doi   = {10.1161/CIRCEP.110.961615},
  journal = {Circ. Arrhythmia Electrophysiol.},
  number  = {3},
  pages   = {362--372},
  title   = {{SERCA2a gene transfer decreases sarcoplasmic reticulum
      calcium leak and reduces ventricular arrhythmias in a model
      of chronic heart failure}},
  volume  = {4},
  year    = {2011}
}

@Article{   Maier:1998,
  author  = {Maier, Lars S. and Brandes, Rolf and Pieske, Burkert and
      Bers, Donald M.},
  doi   = {10.1152/ajpheart.1998.274.4.h1361},
  journal = {Am. J. Physiol. - Hear. Circ. Physiol.},
  number  = {4 43-4},
  title   = {{Effects of left ventricular hypertrophy on force and Ca2+
      handling in isolated rat myocardium}},
  volume  = {274},
  year    = {1998}
}

@Article{   Ma̧czewski:2008,
  author  = {Ma̧czewski, Micha{\l} and Mackiewicz, Urszula},
  doi   = {10.1093/cvr/cvn057},
  journal = {Cardiovasc. Res.},
  number  = {1},
  pages   = {42--51},
  title   = {{Effect of metoprolol and ivabradine on left ventricular
      remodelling and Ca2+ handling in the post-infarction rat
      heart}},
  volume  = {79},
  year    = {2008}
}

@Article{   Meissner:1998,
  author  = {Meissner, Achim and Min, Jiang Yong and Simon,
      R{\"{u}}diger},
  doi   = {10.1006/jmcc.1998.0813},
  journal = {J. Mol. Cell. Cardiol.},
  number  = {11},
  pages   = {2507--2518},
  title   = {{Effects of angiotensin II on inotropy and intracellular
      Ca2+ handling in normal and hypertrophied rat myocardium}},
  volume  = {30},
  year    = {1998}
}

@Article{   Min:2002,
  author  = {Min, Jiang-Yong and Meissner, Achim and Morgan, James P.},
  doi   = {10.1177/153537020222700506},
  journal = {Exp. Biol. Med.},
  number  = {5},
  pages   = {336--344},
  title   = {{Mibefradil Improves $\beta$-drenergic Responsiveness and
      Intracellular Ca2+ Handling in Hypertrophied Rat
      Myocardium}},
  volume  = {227},
  year    = {2002}
}

@Article{   Rouhana:2019,
  author  = {Rouhana, Sarah and Farah, Charlotte and Roy, Jerome and
      Finan, Amanda and {Rodrigues de Araujo}, Glaucy and
      Bideaux, Patrice and Scheuermann, Val{\'{e}}rie and Saliba,
      Youakim and Reboul, Cyril and Cazorla, Olivier and Aimond,
      Franck and Richard, Sylvain and Thireau, J{\'{e}}r{\^{o}}me
      and Fares, Nassim},
  doi   = {10.1016/j.bbadis.2018.08.005},
  journal = {Biochim. Biophys. Acta - Mol. Basis Dis.},
  number  = {1},
  pages   = {230--242},
  title   = {{Early calcium handling imbalance in pressure
      overload-induced heart failure with nearly normal left
      ventricular ejection fraction}},
  url   = {https://doi.org/10.1016/j.bbadis.2018.08.005},
  volume  = {1865},
  year    = {2019}
}

@Article{   Sadredini:2016,
  author  = {Sadredini, Mani and Danielsen, Tore Kristian and Aronsen,
      Jan Magnus and Manotheepan, Ravinea and Hougen, Karina and
      Sjaastad, Ivar and Stokke, Mathis Korseberg},
  doi   = {10.1371/journal.pone.0153887},
  journal = {PLoS One},
  number  = {4},
  pages   = {1--18},
  title   = {{Beta-adrenoceptor stimulation reveals Ca2+ waves and
      sarcoplasmic reticulum Ca2+ depletion in left ventricular
      cardiomyocytes from post-infarction rats with and without
      heart failure}},
  volume  = {11},
  year    = {2016}
}

@Article{   Maczewski:2008,
  author  = {Ma\c{c}zewski, Micha{\l} and Mackiewicz, Urszula},
  doi   = {10.1093/cvr/cvn057},
  journal = {Cardiovasc. Res.},
  number  = {1},
  pages   = {42--51},
  title   = {{Effect of metoprolol and ivabradine on left ventricular
      remodelling and Ca2+ handling in the post-infarction rat
      heart}},
  volume  = {79},
  year    = {2008}
}

@Article{   Schreiter:2015,
  author  = {Schreiter, Jens and Nguyen-Tuong, Duy and Eberts, Mona and
      Bischoff, Bastian and Markert, Heiner and Toussaint, Marc},
  doi   = {10.1007/978-3-s319-23461-8_9},
  isbn    = {9783319234601},
  journal = {Lect. Notes Comput. Sci. (including Subser. Lect. Notes
      Artif. Intell. Lect. Notes Bioinformatics)},
  number  = {i},
  pages   = {133--149},
  title   = {{Safe exploration for active learning with gaussian
      processes}},
  volume  = {9286},
  year    = {2015}
}

@InProceedings{   Pasolli:2011,
  author  = {Pasolli, Edoardo and Melgani, Farid},
  pages   = {3574--3577},
  title   = {{Gaussian process regression within an active learning scheme}},
  year    = {2011},
  doi     = {10.1109/IGARSS.2011.6049994},
  booktitle = {2011 IEEE International Geoscience and Remote Sensing Symposium}
}

@Article{   Yue:2021,
  author  = {Yue, Xiaowei and Wen, Yuchen and Hunt, Jeffrey H. and Shi,
      Jianjun},
  doi   = {10.1109/TASE.2020.2990401},
  journal = {IEEE Trans. Autom. Sci. Eng.},
  number  = {1},
  pages   = {36--46},
  title   = {{Active Learning for Gaussian Process Considering
      Uncertainties with Application to Shape Control of
      Composite Fuselage}},
  volume  = {18},
  year    = {2021}
}

@Article{   Jones:1998,
  author  = {Jones, Donald R. and Schonlau, Matthias and Welch, William
      J.},
  doi   = {10.1023/A:1008306431147},
  journal = {J. Glob. Optim.},
  number  = {4},
  pages   = {455--492},
  title   = {{Efficient Global Optimization of Expensive Black-Box
      Functions}},
  volume  = {13},
  year    = {1998}
}

@inproceedings{Bonilla:2008,
 author = {Bonilla, Edwin V and Chai, Kian and Williams, Christopher},
 booktitle = {Advances in Neural Information Processing Systems},
 editor = {J. Platt and D. Koller and Y. Singer and S. Roweis},
 pages = {},
 publisher = {Curran Associates, Inc.},
 title = {Multi-task Gaussian Process Prediction},
 url = {https://proceedings.neurips.cc/paper/2007/file/66368270ffd51418ec58bd793f2d9b1b-Paper.pdf},
 volume = {20},
 year = {2008}
}


@article{Rougier:2008,
author = {Jonathan Rougier},
title = {Efficient Emulators for Multivariate Deterministic Functions},
journal = {Journal of Computational and Graphical Statistics},
volume = {17},
number = {4},
pages = {827-843},
year  = {2008},
publisher = {Taylor & Francis},
doi = {10.1198/106186008X384032}
}

@article{Conti:2010,
title = {Bayesian emulation of complex multi-output and dynamic computer models},
journal = {Journal of Statistical Planning and Inference},
volume = {140},
number = {3},
pages = {640-651},
year = {2010},
issn = {0378-3758},
doi = {https://doi.org/10.1016/j.jspi.2009.08.006},
url = {https://www.sciencedirect.com/science/article/pii/S0378375809002559},
author = {Stefano Conti and Anthony O’Hagan}
}