@Article{	  Longobardi:2020,
  author	= {Longobardi, S. and Lewalle, A. and Coveney, S. and
		  Sjaastad, I. and Espe, E. K.S. and Louch, W. E. and
		  Musante, C. J. and Sher, A. and Niederer, S. A.},
  doi		= {10.1098/rsta.2019.0334},
  journal	= {Philos. Trans. A. Math. Phys. Eng. Sci.},
  month		= {jun},
  number	= {2173},
  pages		= {20190334},
  title		= {{Predicting left ventricular contractile function via
		  Gaussian process emulation in aortic-banded rats}},
  volume	= {378},
  year		= {2020}
}

@InProceedings{	  Longobardi:2021,
  author    = {Longobardi, S. and Sher, A. and Niederer, S. A.},
  editor    = {Ennis, Daniel B. and Perotti, Luigi E. and Wang, Vicky Y.},
  title     = {{In Silico Mapping of the Omecamtiv Mecarbil Effects from the Sarcomere to the Whole-Heart and Back Again}},
  booktitle = {{Functional Imaging and Modeling of the Heart}},
  year      = {2021},
  publisher = {Springer International Publishing},
  address   = {Cham},
  pages     = {406--415},
  isbn      = {978-3-030-78710-3},
  doi       = {10.1007/978-3-030-78710-3_39}
}